4746 6676
798 515 972 591 GENESIS
997 515 1088 589 CAP.
1112 515 1224 589 lleT.
1852 513 1896 583 85

186 665 239 734 T'l.
256 662 369 733 itinere
385 645 630 746 ote—Sixtini,
648 660 746 734 codd.
764 663 804 749 d,
820 663 858 749 C,
873 663 916 750 ll,
932 662 973 750 E,
1051 662 1165 736 latinis
1189 661 1288 736 codd.
1314 659 1440 734 faciunt
1463 675 1592 733 veteres
1615 659 1812 758 scriptores,
1836 661 1898 736 ra-

142 779 179 862 T,
200 777 237 859 S,
262 775 304 861 T,
321 773 415 867 ¹bibl.
435 773 576 860 omiss,
596 775 691 848 Brev.
713 775 810 850 Geth.
831 775 856 847 l.
877 801 907 849 o.
927 802 977 848 mc

184 1002 265 1074 lbid.
288 1005 323 1075 ic
344 1002 662 1076 demum-Codll
684 1006 720 1076 io
741 1005 860 1076 demo·

183 1119 240 1189 28.
261 1119 296 1188 io
321 1118 617 1191 domem-Cedd.
634 1120 674 1205 ll,
695 1120 734 1205 ll,
754 1121 790 1204 S,
811 1117 897 1190 Bibl.
912 1116 977 1192 Or-

141 1230 205 1301 din.
221 1233 256 1301 in
278 1231 382 1303 domo.

183 1346 238 1415 29.
256 1345 300 1416 od
315 1347 487 1431 bominem,
503 1347 564 1416 obi
576 1363 646 1419 eret
660 1341 878 1445 scos-Bibl.
891 1343 973 1417 lleb.

140 1459 246 1557 Stepb.
271 1462 396 1544 1532,
416 1461 496 1532 Ven.
520 1476 553 1534 et
577 1461 653 1532 bnt.
677 1463 785 1532 stes.
811 1460 914 1556 (sorte
938 1483 978 1530 ex

143 1572 229 1644 hebr.
252 1589 286 1646 et
310 1577 450 1669 graeco)
479 1573 604 1647 hebent
624 1575 669 1645 od
689 1575 845 1646 bominem
869 1575 975 1672 soros,

139 1687 283 1759 obierat
306 1688 392 1786 [eos.
414 1687 519 1761 Codd.
541 1689 585 1774 ll,
608 1689 630 1758 S
654 1688 699 1758 ed
724 1688 896 1770 bominem,
922 1686 981 1756 obi

141 1814 205 1871 eret
226 1802 331 1897 serim·
355 1802 444 1874 banc
468 1818 579 1874 autem
608 1798 979 1875 lectionem'modernis

141 1913 348 2002 adscribunt,
364 1941 507 2014 eamque
526 1915 683 1988 reiiciunt
702 1913 800 1987 codd.
817 1914 861 2001 bl,
878 1913 920 1987 Ο.

185 2030 240 2099 tt.
269 2043 300 2100 et
325 2055 426 2128 prope
456 2032 576 2129 [comm
606 2055 709 2125 uqucc
726 2071 774 2084 -
791 2027 909 2099 Sixtini
940 2051 980 2098 ex

141 2141 208 2213 ced.
232 2141 261 2211 A
286 2157 422 2240 propter
446 2145 566 2242 sontem
591 2169 716 2240 oquce‚·
740 2141 862 2239 copule
885 2141 981 2212 deest

141 2281 267 2354 queque
291 2256 329 2326 in
355 2255 466 2342 hebr,
487 2283 607 2354 graeco
635 2261 726 2350 (exc.
743 2255 817 2330 cod.
834 2255 975 2326 Kennic.

142 2371 217 2440 tat.
234 2387 266 2442 et
283 2369 417 2444 duobus
436 2371 600 2468 holmes.)
616 2388 649 2444 ct
666 2371 805 2469 reliquis
822 2369 980 2467 interpre

143 2483 238 2556 tibus.
262 2484 395 2558 Codfl
422 2502 508 2560 tecet
531 2514 661 2584 cquae,
676 2487 775 2585 eique
800 2485 979 2557 concinunt

141 2597 242 2686 hebr,
256 2625 398 2696 graecus
412 2616 445 2674 ct
458 2601 592 2699 reliqui.
602 2601 652 2674 Cl.
663 2601 748 2673 iolra
762 2600 905 2673 advers.
918 2601 975 2670 tr.

116 2747 118 2750 ·
184 2716 238 2790 31.
260 2730 292 2786 ct
313 2716 415 2787 locum
431 2715 726 2788 cautelis-Codd.
743 2716 782 2800 ll,
798 2716 832 2800 S,
848 2729 977 2786 veteres

141 2826 210 2898 cdd.
234 2828 367 2927 plures,
390 2830 488 2928 brev.
513 2828 610 2902 Geth.
637 2829 660 2898 l.
685 2855 715 2900 c.
739 2829 868 2900 oddunt
893 2830 976 2912 tcis;

141 2942 222 3042 qued
245 2969 430 3041 pronomen
450 2943 492 3015 ed
518 2941 620 3015 fidem
645 2959 794 3015 veterum
818 2940 978 3014 libmrum

141 3055 391 3154 expungendum
420 3082 496 3128 esse
525 3074 614 3129 recte
644 3055 802 3130 admonet
830 3055 905 3128 cod.
934 3055 975 3129 0.

142 3168 266 3242 Toletus
287 3195 369 3242 vero
392 3169 526 3242 scribit:
545 3169 662 3240 ullibl.
679 3169 825 3268 Gempl.,
843 3184 876 3241 et
895 3168 975 3264 llcg.

143 3283 296 3357 »addunt
330 3287 414 3370 terim·
443 3285 503 3358 sed
530 3311 595 3358 non
627 3284 768 3357 babetur
794 3285 828 3355 in
858 3283 977 3369 hebr,

143 3423 305 3492 tegmem,
330 3398 451 3473 Ordiu.
476 3415 508 3471 et
532 3425 616 3472 mss.
643 3399 737 3472 Prior
762 3399 981 3495 congregatio

142 3539 157 3579 ι
173 3511 321 3585 abstulit.
337 3541 355 3584 >›
372 3513 448 3586 Sco·
460 3514 588 3612 potius,
605 3513 811 3611 propositam
836 3511 981 3584 odditie-

141 3649 209 3697 nem
234 3653 300 3698 non
329 3625 482 3712 admisit,
505 3641 542 3698 ut
566 3627 615 3699 nit
637 3627 745 3700 Recca
768 3625 793 3696 l.
814 3650 845 3698 c.
866 3626 981 3724 Neque

141 3741 222 3812 enim
243 3740 417 3838 legebatur
438 3741 473 3812 in
494 3739 571 3813 edd.
590 3742 711 3814 boren.

185 3858 240 3927 32.
262 3856 450 3928 introducit
464 3883 536 3927 eum
550 3857 702 3929 ist—(lod
711 3858 758 3928 ,Α
777 3860 792 3928 1
805 3915 811 3927 .
825 3883 870 3928 m.
887 3857 981 3930 emit·

141 3971 174 4043 tit
192 3997 262 4042 cum
283 3973 339 4054 se,-
354 3971 473 4044 cedit
495 3985 581 4044 tecet
600 3974 647 4042 ic.

180 4083 266 4156 lbid.
288 4098 321 4156 et
344 4085 533 4182 feemm-
547 4084 629 4158 Cod.
652 4085 684 4158 ll
709 4084 804 4158 addit
827 4087 977 4169 contels's,

142 4198 184 4268 nti
207 4199 329 4286 hebr,
357 4223 520 4294 greecm,
548 4198 661 4274 chald.
686 4215 719 4271 et
744 4223 856 4297 syme.
882 4197 977 4271 Conl.

141 4329 212 4384 note
231 4339 306 4412 seq.

186 4425 271 4498 lbid.
289 4427 390 4524 pedes
409 4427 714 4524 eius—Singulare
734 4427 892 4500 mendum
918 4429 983 4502 boc

141 4537 207 4612 leco
223 4541 290 4613 inm
309 4541 587 4616 aretustissimis
605 4541 812 4642 temporibus
830 4541 984 4641 obrepse-

138 4668 199 4740 rut,
215 4654 406 4753 latinosque
422 4655 521 4728 codd.
534 4670 772 4754 occupaverat,
790 4655 881 4752 qued
900 4655 984 4728 scite

77 4845 80 4851 ,
143 4771 264 4840 romani
286 4787 492 4844 correctores
517 4772 736 4867 castigemnt.
757 4770 868 4844 Nostri
894 4771 983 4843 enim

141 4881 233 4954 codd.
249 4902 283 4958 et
308 4900 387 4959 vett.
407 4883 486 4958 edd.
503 4884 630 4958 babent
649 4885 748 4983 pedes
772 4884 982 4958 contelerunt:

144 5011 200 5068 nec
217 4999 358 5085 mirum;
375 5025 453 5071 nem
473 4998 625 5072 eamdem
646 4999 821 5072 lectionem
843 4998 986 5072 scholis·

142 5113 335 5186 stesseculi
360 5113 468 5200 lllll.,
494 5113 528 5185 in
553 5112 628 5186 cod.
651 5116 697 5201 N,
723 5129 863 5186 testetur
886 5115 984 5187 sein

140 5227 289 5300 omuibus
307 5227 420 5301 latinis
435 5230 653 5328 antiquisque
669 5227 769 5302 cedd.
783 5229 981 5326 reperiisse;

143 5339 228 5412 unde
246 5342 388 5415 miratur
404 5343 526 5416 latinos
543 5341 642 5416 codd.
660 5367 919 5416 commemorare
937 5341 987 5415 lo-

1052 775 1172 861 terius,
1189 775 1384 860 Guibertus,
1402 774 1498 870 Huge
1519 773 1561 846 de
1582 799 1612 845 s.
1627 772 1773 860 Victore,
1790 773 1899 846 llarti·

1054 914 1119 961 nus
1144 887 1286 985 legion,
1301 889 1398 962 Brev.
1417 887 1515 961 Geth.
1532 887 1568 958 ll.
1585 913 1655 974 oc.;
1677 888 1823 988 itemque
1846 913 1900 960 re·

1053 1003 1192 1074 centiori
1218 1019 1323 1075 eetete
1343 1001 1502 1075 Allonsus
1524 1003 1695 1088 Testatus,
1715 1003 1899 1101 Dionysius

1054 1116 1235 1203 Certbus.,
1260 1116 1425 1189 Steucbus
1454 1115 1669 1213 EugubinuS,
1698 1115 1896 1202 Caietenus',

1053 1227 1181 1329 aliique
1206 1229 1334 1329 plures.
1360 1225 1474 1330 Neque
1502 1231 1598 1304 nobis
1626 1231 1726 1330 plene
1749 1257 1900 1330 comper-

1055 1359 1123 1416 tum
1146 1359 1199 1418 est
1218 1359 1347 1429 utrum,
1365 1342 1470 1417 exiis
1493 1343 1727 1442 scriptoribus,
1744 1344 1802 1441 qni
1822 1343 1900 1414 vul-

1053 1473 1167 1553 gatum
1185 1474 1336 1531 nostrum
1357 1459 1568 1558 interpretem
1587 1474 1806 1556 usurpemnt,
1822 1459 1899 1558 quis

1054 1569 1152 1643 aliter
1175 1570 1265 1643 bunc
1291 1571 1400 1645 lecum
1427 1589 1541 1670 aperte
1565 1572 1768 1645 excitaverit.
1791 1571 1900 1644 Huius

1055 1685 1168 1757 mendi
1197 1701 1305 1759 ortum
1333 1713 1374 1758 ex
1402 1687 1504 1760 veteri
1533 1686 1600 1759 alia
1627 1685 1786 1773 lectione,
1812 1711 1901 1784 quoe

1055 1798 1146 1898 apud
1166 1801 1365 1900 Dionysium
1389 1800 1501 1872 Certb.
1518 1801 1678 1886 occurrit,
1695 1825 1762 1872 non
1782 1799 1902 1871 obsur-

1055 1915 1097 1986 de
1114 1913 1182 2010 peti
1198 1941 1298 2013 posse
1311 1914 1460 2002 videtur;
1477 1941 1554 1986 nom
1570 1913 1708 2013 quidem
1725 1913 1896 2010 legebant:

1055 2041 1086 2099 et
1109 2028 1238 2125 [oenum
1262 2031 1298 2098 in
1318 2027 1479 2126 pabulum
1500 2029 1708 2112 camelorum,
1733 2041 1763 2100 et
1781 2053 1901 2125 equam

1055 2139 1100 2214 ad
1121 2142 1298 2212 loeoodcm
1314 2141 1413 2238 pedes
1435 2157 1499 2214 etc:
1516 2143 1669 2214 Fortasse
1690 2167 1802 2214 errore
1820 2168 1901 2214 ocu-

1056 2255 1163 2328 lorum
1186 2255 1344 2328 librarius
1365 2281 1405 2328 ex
1427 2256 1591 2354 superiori
1618 2255 1767 2328 membre
1786 2281 1900 2329 vocem

1056 2371 1121 2442 boc
1142 2368 1214 2444 loce
1233 2370 1380 2442 additum
1402 2369 1619 2470 transposuit.
1636 2371 1678 2442 dt
1696 2397 1774 2444 vere
1795 2370 1902 2444 lsido-

1057 2509 1114 2556 rus
1130 2483 1274 2570 Clarius,
1291 2483 1512 2556 bellarminus
1527 2475 1635 2576 (Des.
1648 2483 1686 2554 de
1704 2484 1798 2582 Vulq.
1815 2485 1898 2574 ed),

1056 2598 1279 2672 lovanienses
1306 2603 1325 2692 (
1334 2602 1371 2668 ic
1398 2623 1662 2695 marpessam
1691 2597 1763 2669 edd.
1773 2604 1790 2690 )
1816 2599 1903 2670 anti-

1055 2737 1160 2812 quum
1176 2737 1319 2784 errorem
1338 2729 1509 2798 notarunt;
1527 2713 1750 2786 blartienaeus
1768 2739 1902 2812 quoque

1056 2827 1091 2897 in
1111 2851 1173 2898 sua
1190 2827 1336 2899 editione
1353 2826 1559 2912 emendavit,
1576 2844 1610 2899 at
1626 2827 1724 2900 nobis
1743 2853 1808 2900 non
1827 2851 1905 2900 con·

1057 2957 1124 3016 stet
1139 2960 1249 3014 utrum
1268 2940 1312 3014 ed
1330 2940 1429 3012 fidem
1450 2940 1593 3013 alicuius
1612 2942 1705 3014 latini
1724 2941 1849 3014 codicis
1868 2942 1902 3013 id

1056 3055 1186 3141 lecerit,
1207 3070 1306 3153 pmut
1322 3054 1460 3128 innuere
1479 3055 1612 3128 videtur
1628 3073 1721 3141 nota,
1739 3083 1840 3154 quam
1858 3057 1902 3129 ed

1055 3167 1180 3242 calcem
1199 3169 1252 3240 sui
1265 3167 1448 3241 voluminis
1465 3170 1598 3254 adiecit,
1615 3169 1673 3242 ubi
1689 3171 1898 3243 asseritmss.

1056 3285 1123 3382 sere
1139 3311 1245 3356 croces
1258 3284 1369 3381 legere
1382 3287 1593 3358 comclomrm:
1604 3286 1825 3358 emendarunt
1839 3286 1905 3358 six-

1057 3399 1136 3486 tini,
1154 3425 1336 3498 eommque
1351 3389 1589 3472 correctionem
1605 3401 1759 3498 probavit
1772 3400 1900 3471 Sixtus:

1057 3539 1232 3612 quumque
1255 3527 1400 3586 ueterem
1429 3513 1606 3586 latinorum
1633 3503 1807 3586 lectionem
1833 3539 1905 3586 rur·

1058 3656 1133 3703 sum
1150 3629 1306 3702 sufficere
1325 3629 1514 3726 gregoriani
1534 3630 1752 3725 cogitassent,
1770 3629 1906 3727 sepien-

1058 3760 1108 3818 ter
1128 3742 1262 3816 Teletos
1284 3739 1375 3814 illam
1392 3743 1535 3816 obiecit:
1555 3746 1687 3841 «Lege,
1704 3745 1828 3844 inquit,
1846 3769 1905 3840 pc-

1059 3859 1150 3932 »de
1174 3861 1263 3943 ciem
1288 3859 1455 3932 sic'bebr.
1470 3873 1514 3930 et
1539 3883 1692 3955 graecus.
1717 3860 1780 3932 Sed
1806 3859 1905 3931 Cem-

1060 4002 1079 4042 n
1095 3973 1197 4071 plut,
1216 3974 1312 4068 lleg,
1329 3971 1429 4057 Ord.‚
1449 3973 1570 4046 leven.
1587 3971 1721 4071 alisque
1740 3975 1906 4072 impressa

1060 4085 1221 4158 »hebent
1245 4087 1438 4158 camelorum
1446 4115 1457 4171 ;
1477 4101 1510 4158 et
1532 4087 1582 4158 sic
1606 4087 1739 4158 censuit
1762 4085 1907 4184 Congre-

1061 4227 1078 4268 n
1096 4200 1186 4295 gatio
1211 4199 1462 4296 (gregoriano).
1479 4197 1521 4270 At
1538 4223 1617 4272 vero
1634 4199 1774 4294 August.
1792 4199 1849 4271 lib.
1868 4200 1906 4271 de

1061 4343 1079 4382 c
1098 4315 1246 4386 locutio
1269 4313 1349 4384 Gen.
1366 4340 1395 4384 c.
1414 4317 1475 4385 85.
1491 4312 1572 4409 legit
1598 4315 1717 4410 ipsius,
1734 4314 1826 4385 sieut
1845 4309 1908 4386 be-

1061 4426 1193 4501 »betur
1214 4427 1250 4498 in
1271 4419 1367 4498 hebr.
1386 4451 1505 4522 graece
1525 4442 1558 4500 et
1583 4453 1665 4499 mss.
1682 4413 1795 4498 latinis
1819 4428 1907 4521 (uti-

1061 4570 1079 4612 ι
1096 4567 1173 4614 nom
1192 4540 1267 4614 illes
1286 4540 1534 4637 designasset);
1551 4556 1584 4613 et
1601 4541 1652 4612 sic
1668 4541 1800 4614 censuit
1817 4541 1908 4640 prior

1062 4655 1316 4752 »congregatio
1339 4659 1481 4752 (nempe
1504 4655 1648 4750 sixtina)
1672 4669 1706 4726 et
1724 4655 1859 4728 bistus:
1876 4671 1909 4727 et

1062 4767 1196 4841 »etiem
1222 4768 1269 4841 itu
1286 4767 1374 4864 legit
1398 4767 1659 4866 Chrysostomus
1686 4767 1768 4839 bom.
1791 4775 1851 4840 48.
1872 4769 1908 4840 sir

1063 4882 1178 4955 oden.
1200 4882 1318 4956 Petrus
1343 4881 1436 4954 Com.
1458 4907 1488 4954 c.
1511 4884 1569 4952 60.
1592 4880 1673 4977 legit
1700 4895 1829 4954 tantem
1858 4879 1908 4955 le·

1063 4999 1188 5071 »risse
1210 4997 1315 5097 pedes
1336 4997 1524 5096 hospitum,
1546 4996 1769 5096 nibildicens
1791 4997 1909 5094 depe

1063 5112 1199 5186 »dibus
1219 5111 1435 5185 camelorum.
1450 5140 1468 5179 n
1485 5110 1537 5182 Cl.
1553 5111 1660 5184 Reme
1682 5110 1705 5182 l.
1722 5137 1752 5182 o.

1109 5224 1196 5298 lbid.
1218 5240 1250 5298 et
1263 5227 1512 5297 eirerom--ln
1535 5225 1610 5297 cod.
1625 5225 1794 5296 coreliano
1809 5238 1842 5294 et
1862 5249 1909 5294 ee

1060 5364 1155 5426 rum3
1182 5338 1322 5412 dubium
1353 5337 1451 5411 nobis
1479 5353 1532 5409 est
1563 5329 1605 5409 en
1636 5327 1834 5410 sixtinerum
1864 5335 1910 5406 sit

142 5453 259 5527 tionem
281 5457 402 5556 pedum
424 5456 645 5543 cumelemm,
661 5457 704 5529 de
722 5483 790 5556 quo
811 5457 912 5529 silent
931 5455 988 5528 be-
1062 5452 1146 5528 baec
1169 5453 1278 5528 lectio.

144 5563 260 5643 breeus
280 5587 314 5644 et
329 5574 701 5672 graecus,nullamque
719 5571 921 5644 mentionem
941 5571 987 5642 se-

143 5707 212 5756 cere
239 5686 292 5758 de
309 5711 406 5760 servo
433 5687 634 5787 principali,
663 5687 707 5760 de
736 5711 804 5784 quo
831 5686 865 5758 in
890 5710 986 5758 sacre

143 5812 228 5872 textu
248 5816 283 5874 et
306 5802 341 5872 in
362 5826 483 5897 graece
501 5803 657 5876 versione
678 5827 790 5876 sermo
815 5813 879 5874 est.
902 5797 985 5873 Cum

1112 5571 1170 5642 33.
1191 5563 1610 5666 appositesest-GedF
1633 5579 1718 5636 tecet
1737 5577 1795 5634 ert.
1867 5607 1869 5611 ν

1112 5686 1170 5756 et.
1190 5686 1328 5768 Servos,
1347 5683 1562 5782 inquit-Ex
1583 5679 1703 5754 codd
1724 5678 1837 5754 sixtini
1856 5680 1908 5749 in·

1062 5802 1150 5897 quit:
1168 5801 1300 5871 Servos.
1329 5846 1332 5854 ·
