4746 6676
833 497 1012 580 cotesto
1036 498 1131 578 Cll’.
1153 499 1230 581 xtt.
1890 503 1935 576 ts

193 644 999 746 loid.osmtrs-Bedstt,too.stesot
1124 648 1369 737 tronum
1384 650 1938 729 astino-Pronomsnltoseltru·

145 761 339 849 tusculo
355 762 524 842 habetest
536 763 683 862 [emulos
697 763 733 840 id
748 781 802 840 est
815 765 995 841 amose.»
1074 782 1192 846 sonunt
1216 765 1352 853 sixtini,
1376 764 1645 862 suffregnntihus
1665 765 1766 841 codd.
1781 766 1822 854 ll,
1838 767 1877 856 B,
1894 767 1933 855 ,0,

143 880 234 952 Here'
250 903 369 955 omnes
395 879 604 982 antiquiores
627 878 760 978 vulgati
785 879 865 955 edd.
882 879 1000 978 legunt
1072 879 1116 968 D,
1136 880 1177 966 ll,
1199 881 1236 968 ll,
1258 881 1299 968 G,
1319 881 1363 970 H,
1384 881 1429 968 H,
1451 882 1492 968 S,
1509 881 1596 954 Bibl.
1618 881 1756 970 Ordin,
1777 881 1933 980 Hugcne,

139 1010 168 1066 et
183 994 365 1094 {omilim
392 993 474 1070 hnic
497 1020 578 1072 vero
606 993 741 1072 lectioni
771 995 999 1094 suffragentur
1073 994 1170 1070 Beer.
1192 996 1290 1072 Goth.
1314 995 1413 1084 l.‚e.,
1433 995 1621 1084 Eucherio,
1642 997 1739 1074 lledn
1761 997 1811 1084 ll,
1834 999 1931 1084 tto,

138 1108 236 1184 codd.
253 1108 292 1196 ll,
312 1111 350 1198 Ε,
370 1109 395 1181 l.
415 1114 467 1199 5.,
482 1109 610 1210 quihus
627 1110 793 1186 secedunt
808 1111 877 1190 duo
892 1109 995 1186 codd.
1075 1109 1246 1186 Guiberto.
1317 1166 1320 1175 -

139 1225 284 1300 reticuni
310 1227 345 1300 in
372 1226 511 1302 schedis
536 1227 638 1302 Cerd.
664 1226 779 1304 Sirleti
803 1227 994 1314 memoreti,
1123 1224 1211 1297 lbid.
1233 1253 1298 1300 noo
1318 1225 1673 1301 indicasti—Veteres
1695 1226 1827 1325 vulgati
1852 1226 1934 1300 edd.

140 1343 234 1414 Brev.
251 1341 352 1416 Goth.
370 1342 395 1414 l.
411 1369 460 1431 e,
480 1342 660 1431 Hebenus,
674 1344 847 1442 Remigius
872 1343 994 1420 antiss
1075 1339 1206 1414 addunt
1230 1342 1331 1427 mili,-
1353 1342 1433 1416 item
1458 1341 1559 1418 codd.
1576 1341 1605 1428 l,
1625 1341 1670 1427 ll,
1690 1339 1731 1428 ll,
1750 1341 1787 1430 S,
1809 1339 1936 1442 quibus

140 1457 260 1530 Verum
275 1457 352 1534 cod.
367 1459 395 1530 N
408 1459 432 1506 *
444 1460 573 1534 diserte
586 1473 681 1534 notet
694 1457 874 1557 legendum
889 1460 998 1558 somu-
1074 1459 1295 1534 consentiunt
1320 1457 1438 1546 hebr,
1467 1483 1580 1556 graec.
1605 1474 1638 1535 et
1663 1456 1756 1530 itale.
1785 1455 1828 1530 At
1851 1454 1935 1530 illud

141 1574 204 1656 lus,
225 1597 296 1646 non
320 1573 485 1670 [emilius.
511 1573 596 1648 Gorl.
617 1573 645 1648 E
670 1587 702 1649 et
721 1575 866 1673 (omilin.
887 1572 994 1650 eodo.
1076 1597 1264 1670 pronomen
1282 1588 1521 1672 expunxerunt
1535 1572 1651 1648 sixtini
1670 1571 1713 1646 ed
1732 1569 1834 1646 fidem
1852 1568 1937 1646 enti·

140 1687 183 1774 G,
211 1687 244 1760 H
269 1703 303 1760 et
330 1689 465 1788 [umuli.
495 1688 652 1788 Henique
681 1689 798 1787 legunt
823 1688 993 1788 famulos,
1075 1687 1233 1785 quiornm
1252 1686 1352 1764 codd.
1370 1689 1411 1776 Α,
1428 1690 1467 1776 B,
1483 1689 1521 1776 G,
1534 1689 1578 1776 D,
1594 1687 1635 1774 Ε,
1651 1688 1689 1776 F,
1707 1685 1745 1774 G,
1763 1684 1814 1758 H:
1833 1685 1937 1758 immo

140 1805 267 1880 omisso
291 1819 342 1889 et,
360 1805 459 1881 codd.
477 1805 516 1893 (l,
531 1805 575 1894 l),
595 1807 632 1894 S,
652 1805 739 1882 Bibl.
755 1804 895 1894 Ordin,
910 1804 994 1882 ttob.
1075 1800 1198 1877 ento
1224 1803 1352 1878 diserte
1369 1818 1464 1878 notet
1483 1803 1664 1878 modernos
1683 1816 1813 1875 tentum
1832 1798 1936 1874 libros

139 1918 255 2017 Steph.
286 1920 421 2006 tots,
449 1920 569 2018 Hugo,
598 1919 751 1998 Isidorus
775 1919 934 2007 otarius,
963 1936 998 1994 et
1076 1916 1188 2014 legere
1214 1920 1310 1992 mitt.
1327 1919 1416 1992 Hinc
1439 1918 1597 2018 quemuis
1618 1917 1655 1990 id
1682 1916 1856 1991 restituere
1876 1940 1936 1988 vo-

140 2032 212 2108 cotl.
231 2035 292 2106 38.
310 2032 555 2110 holmeeionus.
1075 2031 1197 2108 luisset
1218 2033 1370 2132 Angelus
1395 2035 1520 2122 Hoccu,
1541 2051 1654 2110 temen
1677 2029 1798 2132 reliqui
1824 2055 1936 2106 corre-

185 2147 274 2223 lbid.
296 2165 329 2222 et
357 2150 704 2229 misce-Ordinem
722 2153 903 2232 verborum
927 2168 998 2229 tur·
1074 2165 1185 2224 stores
1205 2150 1419 2226 obstiterunt.

139 2263 251 2338 butum
279 2290 360 2340 esse
381 2266 417 2340 in
441 2265 581 2365 vulgato
602 2283 637 2342 et
661 2269 697 2340 in
722 2267 882 2345 hebreico
906 2282 997 2344 textu
1125 2265 1216 2340 lbid.
1236 2265 1518 2342 esset—Colli
1546 2265 1628 2364 legit
1649 2280 1714 2350 est,
1737 2263 1816 2336 item
1839 2259 1930 2334 itnln.

140 2379 371 2456 demonstrare
392 2381 513 2456 nititur
531 2381 796 2480 Houlrigentins,
812 2386 871 2484 qui
887 2409 932 2462 et
946 2409 999 2460 ss-
1090 2371 1093 2378 *
1125 2383 1184 2454 tt.
1205 2409 1278 2456 enm
1306 2382 1392 2456 milti
1418 2384 1515 2455 irt—
1529 2380 1612 2456 Cnd.
1637 2382 1683 2470 ll,
1706 2378 1794 2452 Hibl.
1824 2375 1932 2452 Puris.

141 2498 306 2570 muritnno
325 2497 574 2574 restituendum
593 2499 763 2574 existimet
778 2500 868 2574 sewi
886 2513 917 2572 et
937 2523 999 2572 cn-
1078 2500 1186 2572 toto.
1208 2497 1265 2572 ull.
1287 2500 1372 2571 mili
1396 2525 1468 2572 enm
1493 2501 1541 2570 ιἰι.
1563 2497 1656 2572 Beda
1681 2496 1705 2568 l.
1723 2522 1754 2572 c.
1774 2496 1932 2579 tacetis,

141 2611 255 2696 sillae,
286 2613 379 2685 asini
408 2628 441 2685 et
467 2616 592 2688 misce
621 2613 674 2688 lld
698 2613 876 2711 vulgatum
906 2613 999 2713 quod
1078 2613 1159 2688 item
1181 2639 1340 2710 graecus,
1357 2613 1416 2691 sod
1437 2611 1481 2687 cl.
1499 2612 1649 2688 Holmes.

144 2728 305 2826 pertinet,
322 2728 554 2804 adnotandum
574 2730 734 2830 antiquos
752 2729 907 2806 librarios
927 2728 998 2828 ple-
1126 2727 1215 2802 lbid.
1244 2731 1366 2807 cossim
1400 2729 1719 2805 tuo—Hucherins
1751 2743 1786 2800 et
1818 2727 1935 2798 Petrus

144 2867 264 2942 rosque
284 2841 373 2918 hunc
397 2846 509 2944 ipssm
534 2846 766 2946 suspicionem
788 2860 1000 2945 praevertere
1075 2844 1171 2918 Com.
1188 2843 1211 2916 l.
1229 2871 1260 2918 c.
1278 2871 1364 2920 uror
1385 2860 1455 2919 tuo

145 2956 291 3032 voluisse
312 2961 562 3059 supprimendo
579 2987 682 3039 uoces
701 2976 734 3034 et
757 2966 888 3048 nien,
909 2985 999 3061 quse
1126 2961 1185 3036 2⁰.
1207 2985 1344 3034 secem
1372 2959 1623 3036 {ttius-cod
1649 2960 1694 3046 ll,
1717 2958 1804 3032 Bibl
1830 2957 1934 3054 Heg„

146 3071 298 3149 ordinem
314 3075 508 3152 disturbare
524 3077 695 3154 ridentur.
711 3077 800 3152 Hinc
816 3077 883 3152 hue
897 3101 999 3152 uoces
1076 3073 1134 3150 ull.
1152 3101 1289 3150 onorem
1308 3080 1390 3152 eius.

144 3185 404 3264 desiderentur
394 3219 430 3266 ιιι
448 3193 548 3268 codd.
561 3192 600 3282 C,
616 3195 659 3282 lt,
674 3194 716 3281 ll,
732 3195 770 3279 Ε,
782 3191 821 3282 G,
837 3194 936 3280 tt„
952 3192 995 3280 0,
1125 3190 1210 3292 Cap.
1237 3191 1334 3282 Xlll,
1362 3195 1397 3265 l.
1422 3192 1462 3284 ele
1487 3195 1701 3294 Aeqypw-
1651 3117 1879 3264 -ttalianus
1905 3206 1938 3262 et

148 3302 167 3372 S
173 3303 344 3411 ,aliisque
364 3333 385 3380 e
409 3307 540 3386 Sirleto
549 3307 699 3398 collatis;
715 3309 795 3384 item
815 3336 873 3410 ap.
891 3308 997 3384 Hebe-
1078 3307 1260 3382 (iuibertns
1278 3334 1322 3382 ss
1338 3308 1501 3409 Aeyypto,·
1518 3309 1599 3386 item
1618 3305 1757 3382 Hieron
1771 3305 1832 3394 lll,
1851 3305 1933 3378 stt,

145 3443 235 3494 num
250 3437 287 3494 et
318 3422 514 3523 liopertum.
549 3424 778 3523 Houbigentio
807 3425 910 3526 plene
939 3426 1001 3500 sd·
1128 3422 1217 3497 lbid.
1238 3422 1563 3500 utens-Cotto
1588 3423 1762 3498 Mlsbnnt.
1778 3418 1937 3494 umarus

147 3535 328 3635 stipuletur
358 3540 512 3618 scholion
540 3541 633 3642 quod
661 3540 785 3640 legitur
815 3542 851 3616 in
885 3559 999 3621 nostro
1077 3539 1172 3614 illius
1195 3556 1305 3628 erant,
1321 3567 1364 3614 ex
1384 3540 1581 3642 Hieronym.
1599 3539 1623 3612 l.
1640 3566 1671 3616 c.

147 3651 216 3726 cod.
229 3655 272 3726 N.
288 3656 403 3732 «Novi
422 3657 577 3753 (codices
592 3656 707 3754 latini)
725 3658 914 3734 secundum
931 3681 1001 3736 mo·
1127 3657 1162 3728 2.
1185 3656 1274 3730 Erat
1293 3672 1403 3730 auom
1422 3656 1514 3732 dives
1533 3655 1631 3732 valde
1651 3671 1716 3730 etc.
1728 3652 1850 3728 -Hic
1866 3677 1939 3726 ver·

146 3768 319 3844 »der-num
348 3771 534 3848 hebraeum
565 3771 779 3874 subiungunt
801 3788 832 3848 st
859 3777 994 3860 mooe,
1081 3771 1213 3846 siculus
1228 3796 1251 3846 n
1268 3771 1405 3846 sixtinis
1427 3771 1517 3846 intre
1535 3769 1767 3871 parenthesim
1779 3767 1938 3843 inclusus

148 3883 310 3960 »scilicet
331 3903 410 3986 pust
427 3890 543 3964 omnis
563 3889 737 3991 praedicte
760 3893 902 3992 (nempe
923 3906 1000 3990 post
1080 3888 1319 3964 tuiscone
1350 3887 1433 3988 legit
1455 3889 1579 3964 stram
1610 3905 1719 3965 nuum
1748 3885 1839 3960 dives
1869 3899 1940 3958 erot

150 4001 476 4078 insternentes
496 4005 796 4106 famulos).0uod
817 4007 848 4082 si
870 4003 998 4080 fuitibi
1079 4003 1189 4079 valde.
1220 4004 1328 4079 codd.
1358 4006 1383 4078 L
1410 4009 1472 4094 t.,
1501 4005 1552 4094 Q,
1581 4006 1711 4104 priores
1745 4003 1823 4078 edd.
1852 4000 1935 4076 llob.

149 4114 222 4188 »nb
244 4117 359 4206 initio,
379 4121 503 4196 mirum
526 4138 579 4198 ost
597 4147 704 4224 quere
728 4147 796 4198 non
818 4123 919 4198 luerit
939 4149 1000 4223 po-
1077 4118 1194 4222 Steph.
1217 4119 1349 4194 uddunt
1373 4121 1517 4206 Abram,
1543 4120 1605 4194 sed
1635 4137 1713 4220 post
1739 4117 1857 4206 colde;
1881 4115 1939 4190 elii

150 4231 283 4306 »situm
305 4252 383 4334 post
403 4235 440 4308 id
460 4237 552 4338 quod
569 4236 697 4312 (licitur
713 4252 745 4312 et
763 4240 863 4312 asini.
880 4237 1000 4314 Hiero·
1078 4261 1156 4310 oum
1188 4236 1344 4326 llebuno,
1368 4263 1410 4312 ex
1436 4236 1643 4338 Hieronymo
1667 4235 1692 4309 l.
1715 4262 1767 4323 e,
1790 4234 1936 4316 addunt,

155 4371 309 4447 »nymus
333 4351 436 4426 θιὶιιιι
460 4368 495 4427 et
514 4378 657 4451 graecus
682 4378 749 4428 non
775 4353 916 4442 hebent,
937 4353 999 4428 sed
1081 4350 1143 4426 sed
1165 4369 1244 4452 post
1264 4368 1384 4426 nutem.
1408 4352 1562 4430 Ceterum
1584 4351 1650 4426 hnc
1671 4376 1793 4426 nomen
1818 4349 1940 4447 legitur

151 4487 242 4560 »pro
265 4464 324 4540 illo
342 4484 474 4569 penum
497 4467 547 4542 ibi
567 4484 598 4544 et
615 4470 712 4544 muli.
733 4470 862 4546 Asinus
886 4485 999 4546 eutem
1080 4469 1116 4540 in
1136 4468 1307 4556 hebraeo,
1324 4493 1462 4566 graeco,
1480 4468 1562 4542 itala
1580 4484 1614 4542 et
1631 4466 1772 4566 reliquis
1789 4465 1935 4566 interpp.

151 4603 244 4674 »pro
270 4597 415 4682 unoque
438 4605 524 4658 sexn
547 4585 732 4686 accipitur,
760 4602 799 4662 ut
821 4583 1000 4686 probatum
1127 4583 1215 4658 lbid.
1234 4586 1270 4656 in
1287 4586 1488 4682 possessione
1505 4584 1584 4656 nuri
1597 4597 1628 4656 et
1643 4582 1821 4680 arpenti·
1829 4578 1936 4654 codd.

150 4699 415 4789 »estlndie.ll,
438 4703 552 4776 tter
578 4702 897 4792 luch.lX,9.nAt
921 4729 1001 4780 vero
1080 4700 1121 4786 Α,
1138 4699 1235 4790 C,l)‚
1252 4700 1294 4787 Ε,
1312 4701 1349 4788 Ε,
1365 4699 1409 4786 H,
1428 4698 1456 4788 1,
1472 4698 1516 4788 0,
1533 4699 1573 4786 tt,
1588 4699 1624 4786 S,
1640 4699 1679 4786 T,
1696 4695 1783 4770 Bibl.
1801 4694 1939 4780 Ordin,

150 4835 248 4909 quum
272 4813 338 4890 hue
358 4841 460 4892 voces
485 4817 639 4916 legentur
664 4818 700 4892 in
725 4819 824 4894 codd.
840 4819 883 4908 Α,
898 4821 937 4908 B,
954 4819 998 4908 H,
1080 4815 1199 4914 Hugo,
1221 4816 1318 4890 Breu.
1345 4813 1443 4891 Goth.
1469 4814 1493 4888 l.
1519 4840 1568 4902 c,
1593 4813 1774 4902 Hebenus,
1798 4811 1943 4912 Angelo-

151 4927 190 5014 ll,
209 4929 247 5016 ll,
269 4931 306 5004 in
329 4933 480 5033 antiquis
501 4933 633 5033 vulgati
656 4935 752 5023 edd,
772 4936 808 5010 in
833 4936 998 5023 hebraeo,
1081 4963 1175 5026 mus,
1193 4936 1373 5012 Guibertus
1388 4939 1425 5009 ιἰι
1438 4937 1643 5035 possessione
1655 4936 1789 5034 arpenti
1802 4949 1834 5008 et
1848 4937 1940 5018 nori;

150 5067 264 5138 graeco
282 5047 382 5144 (licet
396 5075 540 5148 graecus
556 5051 795 5152 interpretetur
810 5038 875 5122 sel
894 5040 1001 5149 ›lpto-
1081 5051 1174 5128 idem
1197 5077 1297 5154 porro
1327 5068 1379 5128 est
1409 5051 1589 5128 verborum
1616 5050 1700 5126 crdo
1731 5051 1766 5124 in
1797 5047 1943 5124 hebraeo

151 5167 240 5256 tot),
260 5181 295 5238 et
314 5164 456 5266 reliquis
476 5167 636 5243 omnibns
661 5169 785 5268 priscis
811 5166 1002 5269 interpreti·
1082 5185 1194 5258 textu,
1219 5196 1261 5244 er
1287 5194 1357 5269 qno
1381 5167 1612 5268 Hieronymus
1638 5168 1710 5256 lll,
1737 5168 1821 5240 325.
1846 5189 1944 5268 pree-

151 5273 226 5366 bns,
247 5280 320 5354 iure
340 5282 503 5358 intectum
527 5285 658 5360 romoni
684 5300 890 5362 correctores
915 5284 1002 5360 hunc
1087 5285 1177 5360 clere
1202 5285 1443 5386 interpretetur
1466 5287 1658 5384 inponere,
1684 5298 1715 5358 et
1738 5297 1891 5382 argento,
1915 5295 1945 5356 et

151 5389 320 5474 lectionem
341 5417 530 5474 servarunt.
1083 5427 1180 5478 nuru.
1203 5401 1255 5476 Cl.
1276 5401 1368 5476 Hede
1389 5400 1443 5490 lt,
1465 5403 1548 5476 303.
1566 5427 1644 5475 nem
1668 5419 1773 5507 stopo
1796 5413 1848 5474 est
1866 5423 1946 5496 pos-

196 5513 669 5594 troanno-Eucherius
680 5518 890 5618 etllupertus
902 5520 998 5607 Dens,
1081 5520 1199 5603 sessio,
1216 5543 1308 5617 opes,
1327 5515 1389 5592 sed
1410 5514 1543 5616 ubique
1557 5516 1601 5590 de
1614 5543 1730 5615 pecore
1743 5531 1942 5615 usurpetur,

152 5625 183 5696 it.
199 5655 360 5726 graecus,
376 5631 436 5706 sed
456 5632 501 5708 cf.
519 5633 670 5709 Holmoe.
1082 5635 1118 5707 in
1146 5659 1216 5734 quo
1243 5634 1317 5709 solo
1345 5648 1530 5710 cernuntur
1554 5656 1638 5731 opes
1667 5632 1871 5718 nomadum,
1898 5631 1946 5704 uti

199 5742 285 5818 lbid.
308 5748 615 5825 menimis—Cori.
631 5749 658 5825 G
676 5752 824 5849 moysis
838 5750 1005 5828 accedunt
1085 5750 1197 5852 inquit
1214 5750 1382 5826 (lerenius
1402 5749 1561 5822 Tlescur.
1579 5774 1617 5846 p.
1636 5753 1746 5824 1222.
1761 5745 1813 5820 Cl.
1829 5744 1946 5822 Hstins

151 5855 437 5963 hsbr.,fgreecus,
453 5883 487 5942 et
507 5866 662 5944 Ambros.
1081 5867 1117 5940 in
1145 5867 1181 5940 h.
1209 5867 1232 5940 l.
1258 5866 1377 5954 Quoed
1404 5863 1602 5967 perticulam
1628 5879 1660 5937 et
1686 5889 1707 5938 e
1734 5862 1942 5964 Hieronymo
