4750 6694
444 519 544 593 xciv
1121 520 1364 596 trrmtttis
1388 523 1577 600 lllllLlCUS

445 671 536 752 dem
555 670 828 752 celsitudinem
850 672 957 750 inuri
981 672 1188 780 minuique
1205 702 1322 782 posse
1343 675 1572 755 existimans
1589 675 1693 754 intra
1714 701 1776 754 me
1793 674 1924 781 ipsum
1944 673 2087 754 auxius
2107 672 2258 754 discru-

446 796 599 890 ciabar,
623 822 923 903 numquamque
942 795 991 876 ab
1011 798 1275 903 excogitando
1294 797 1470 878 remedio
1488 798 1737 878 desistebam.
1760 799 1810 876 Et
1830 796 1989 880 tandem
2008 825 2099 879 ecce
2118 825 2167 878 ex
2186 825 2259 877 an·

447 921 690 1028 tiquioribus
711 919 849 1001 Bibliis
870 921 1044 1001 excussis
1067 949 1108 1000 se
1131 949 1172 1001 se
1193 921 1397 1029 quoddam
1418 923 1606 1002 volumen
1628 922 1864 1028 bipartitum
1887 923 1985 1002 mihi
2006 922 2155 1004 obtulit
2173 925 2256 1026 (1);

446 1063 567 1152 atque
594 1045 753 1123 illorum
781 1045 948 1124 alterum
977 1045 1114 1153 (quod
1141 1047 1290 1154 Moysi,
1315 1047 1518 1147 ludicum,
1545 1051 1719 1153 Regum,
1746 1051 1874 1146 Ruth,
1899 1048 2257 1156 Paralipomenon,

447 1167 616 1264 Esdrae,
638 1170 779 1247 Esther
806 1187 846 1249 et
873 1170 947 1249 lob
969 1169 1094 1251 libros
1121 1174 1373 1274 continebat)
1400 1203 1488 1252 crim
1517 1175 1678 1279 gothico
1706 1172 1843 1252 codice
1870 1173 2052 1253 conferre
2074 1171 2257 1268 decrevi;

447 1291 682 1399 collatisque
709 1293 782 1389 eis,
806 1295 848 1371 in
876 1296 1051 1374 animum
1080 1295 1221 1375 induxi
1242 1327 1287 1376 ea
1309 1299 1460 1404 quibus
1487 1296 1837 1403 superabundaret
1862 1313 1996 1376 textus
2018 1323 2211 1377 excussus
2237 1323 2260 1374 a

447 1415 630 1522 gothice,
652 1415 802 1514 delere;
824 1435 863 1496 et
886 1445 990 1525 quae
1008 1417 1192 1514 deerant,
1215 1419 1342 1499 eidem
1369 1422 1561 1527 impresso
1580 1423 1642 1499 vel
1662 1422 1704 1500 in
1726 1422 1904 1524 margine
1923 1420 1983 1499 vel
2008 1421 2112 1500 inter
2136 1421 2261 1500 lineas

448 1540 565 1647 nigro
592 1539 724 1618 colore
749 1539 1037 1647 superaddere;
1059 1544 1160 1650 quin
1184 1545 1301 1622 etiam
1323 1541 1451 1623 deleta
1477 1561 1570 1623 sunt
1593 1573 1698 1650 quac
1722 1546 1895 1624 habebat
1918 1571 2107 1624 exeussus
2132 1543 2261 1623 codex

450 1664 491 1741 in
519 1663 790 1768 marginibus,
821 1667 864 1743 in
891 1664 1120 1773 eisdemque
1146 1669 1273 1748 rubeo
1301 1670 1436 1749 colore
1468 1697 1572 1775 quae
1606 1667 1779 1748 habebat
1810 1670 1994 1775 gothicus
2028 1667 2259 1774 marginalia

450 1787 688 1894 transcripta
715 1807 811 1868 sunt
832 1793 908 1897 (a),
935 1807 980 1869 ut
1007 1791 1106 1870 nihil
1134 1794 1298 1871 omnino
1328 1821 1465 1871 eorum
1493 1819 1595 1898 quae
1622 1795 1808 1899 gothicus
1835 1793 1957 1872 habet
1985 1791 2134 1887 codex,
2165 1792 2260 1871 huic

452 1935 615 1990 excusso
644 1912 819 2010 deesset,
850 1931 890 1994 et
918 1916 961 1992 in
989 1916 1100 1994 nullo
1127 1945 1150 1996 a
1178 1919 1339 2023 gothico
1372 1915 1742 2024 superabundaret,
1773 1916 1841 1996 sed
1873 1943 1981 1995 unus
2007 1933 2128 2023 atque
2156 1913 2261 1994 idem

454 2049 567 2113 esset.
593 2034 746 2115 Verum
773 2037 851 2118 heu
880 2037 997 2117 mihi!
1024 2067 1112 2118 cum
1141 2042 1280 2119 oculos
1301 2039 1352 2119 ad
1375 2040 1503 2120 deleta
1525 2057 1646 2148 atque
1670 2040 1925 2148 superaddita
1953 2041 2256 2135 convertissem,

453 2156 601 2236 rubore
622 2159 806 2264 perfusus
825 2163 958 2241 vultus
977 2163 1072 2241 mihi
1097 2163 1293 2260 concidit,
1315 2165 1540 2272 iterumque
1558 2166 1599 2243 in
1619 2181 1732 2243 tanto
1753 2164 1912 2268 negotio
1932 2164 2093 2244 haerere
2117 2163 2255 2269 coepi,

453 2307 546 2358 nam
566 2281 661 2360 hinc
677 2285 914 2365 verecundia
935 2286 1161 2392 premebar,
1183 2286 1392 2392 indignum
1411 2305 1560 2366 vestrae
1584 2285 1827 2366 celsitudinis
1845 2303 2064 2393 conspectu
2082 2301 2163 2364 tam
2181 2285 2263 2366 loe·

454 2402 552 2482 dum
570 2404 717 2484 librum
736 2407 976 2509 diiudicans3
998 2411 1107 2490 illinc
1125 2411 1256 2490 cordis
1275 2410 1412 2490 dolore
1430 2409 1545 2490 valde
1567 2411 1795 2517 pungebar,
1817 2410 1930 2518 quod
1952 2439 2084 2518 neque
2107 2429 2263 2492 vestrae

454 2527 698 2610 celsitudinis
726 2531 930 2612 desideriis
958 2563 1030 2614 nec
1057 2533 1150 2615 {idei
1178 2553 1247 2614 aut
1268 2534 1318 2614 de
1344 2562 1406 2615 me
1429 2554 1642 2642 conceptae
1669 2537 1852 2642 opinioni
1881 2535 2163 2632 satisfacerem,
2185 2538 2262 2615 nisi

455 2651 658 2756 gothicum
685 2653 861 2735 codicem
888 2660 1207 2737 transmitterem.
1234 2658 1472 2738 Fluctuabat
1500 2660 1580 2738 huo
1607 2675 1729 2766 atque
1756 2658 1850 2736 illuc
1877 2641 2055 2753 animus,
2077 2661 2120 2737 in
2146 2660 2264 2738 cuius

454 2790 588 2854 tamen
610 2780 843 2877 certamine,
866 2781 1072 2887 hispanico
1095 2781 1203 2862 dicto
1232 2784 1380 2879 victus,
1403 2783 1542 2861 faciem
1566 2783 1715 2861 rubore
1741 2781 1846 2862 affici
1874 2808 2006 2862 coram
2029 2799 2158 2862 vestra
2186 2784 2266 2862 cel·

455 2899 648 2997 situdine,
670 2931 789 3010 quam
810 2934 986 2986 moerere
1011 2907 1187 2985 animum
1209 2933 1361 3014 corque
1385 2906 1525 2986 dolore
1549 2908 1591 2984 in
1615 2906 1733 3010 longa
1756 2905 1877 2982 huius
1901 2902 2050 2984 codicis
2077 2907 2266 2985 transcri-

456 3024 596 3130 ptione
622 3043 811 3134 torquere
829 3029 961 3108 malui.
989 3031 1074 3111 Hac
1092 3059 1207 3137 crgo,
1230 3032 1340 3110 llhire
1361 3032 1570 3138 princeps,
1592 3047 1752 3110 coactus
1775 3031 1950 3125 ratione,
1970 3028 2266 3109 transmittendi

457 3147 603 3227 librum
626 3153 876 3258 usqueadeo
899 3152 1081 3251 foedum,
1104 3156 1312 3235 consilium
1336 3157 1454 3251 inivi;
1481 3153 1593 3263 quod
1620 3157 1652 3233 si
1677 3152 1957 3260 limpidissimis
1979 3169 2129 3233 vestrae
2153 3154 2269 3233 celsi·

457 3270 609 3352 tudinis
630 3275 755 3354 oculis
777 3275 1025 3384 displicuerit
1047 3277 1112 3384 (id
1140 3280 1245 3357 enim
1269 3278 1383 3358 valde
1410 3279 1576 3381 timeo),
1602 3305 1654 3357 ne
1682 3279 1910 3358 irreverenti
1939 3279 2072 3356 animo
2099 3295 2169 3356 aut
2196 3305 2268 3356 au-

458 3392 593 3475 daciae
619 3395 819 3478 adscribat
844 3401 993 3482 obnixe
1020 3401 1241 3508 deprecor,
1272 3401 1342 3482 sed
1374 3404 1529 3481 sincero
1561 3401 1673 3481 cordi
1700 3417 1853 3480 vestrae
1880 3399 2126 3480 celsitudinis
2157 3401 2268 3480 iussa

457 3516 597 3600 sedulo
618 3523 778 3628 explere
796 3526 972 3631 cupienti
992 3527 1162 3623 tribuat,
1183 3526 1386 3606 interdum
1405 3553 1579 3632 namque
1600 3525 1817 3606 voluntatis
1835 3525 2009 3633 optimae
2028 3543 2156 3604 errata
2175 3553 2270 3604 con·

459 3640 610 3724 donare
641 3665 811 3754 oportet.
850 3652 1011 3731 lnterim
1042 3668 1201 3747 tamen,
1235 3653 1345 3730 lllrire
1372 3652 1584 3757 princeps,
1615 3647 1808 3756 quaedam
1837 3649 2021 3728 lectorem
2051 3649 2269 3730 admonere

460 3785 646 3874 oportet:
676 3774 850 3878 primum
876 3776 1054 3854 omnium
1082 3777 1287 3882 gothicum
1315 3775 1492 3856 codicem
1522 3777 1564 3853 in
1595 3771 1840 3854 collocandis
1871 3801 2003 3854 sacrae
2035 3775 2269 3881 Scripturae

459 3890 571 3971 libris
594 3922 677 3972 non
701 3897 880 3977 eumdem
906 3927 1076 3980 servasse
1104 3900 1307 3996 ordinem,
1333 3927 1452 4008 quem
1476 3902 1601 3978 nostri
1626 3896 1783 3978 codices
1809 3897 2041 3996 observant,
2066 3897 2180 4006 quod
2210 3899 2270 3978 fa-

460 4014 533 4094 cile
551 4015 688 4097 videre
710 4021 844 4101 licebit
865 4025 897 4102 si
921 4025 1122 4130 catalogus
1143 4025 1344 4130 gothicus,
1367 4026 1437 4131 qui
1461 4023 1725 4129 transcriptus
1748 4023 1930 4129 inprimi
1952 4023 2155 4129 sequentis
2182 4021 2271 4101 folii

457 4139 634 4220 secunda
656 4141 777 4238 facie,
799 4173 888 4225 cum
911 4149 1089 4256 catalogo
1117 4166 1343 4228 nostrorum
1369 4146 1552 4227 codicum
1575 4146 1802 4226 conferatur
1823 4147 1892 4252 (3).
1919 4147 2019 4225 Item
2043 4145 2173 4226 codex
2199 4173 2271 4252 go·

459 4260 590 4342 thieus
616 4264 658 4343 in
686 4268 886 4375 principio
913 4274 1182 4379 genealogiam
1205 4274 1350 4354 Christi
1373 4272 1536 4352 Domini
1558 4272 1682 4350 nostri
1713 4269 1764 4350 ab
1787 4268 1916 4348 Adam
1940 4297 2068 4377 usque
2096 4267 2147 4348 ad
2175 4270 2272 4349 Dei-

457 4413 593 4491 param
622 4387 824 4493 Virginem
850 4394 1034 4493 Mariam,
1059 4399 1167 4477 velut
1195 4398 1237 4476 in
1266 4397 1408 4476 arbore
1435 4395 1662 4504 dispositam
1692 4394 1833 4489 habet,
1855 4421 1975 4501 quam
2005 4421 2088 4474 non
2120 4395 2273 4475 habent

458 4507 614 4590 codices
637 4517 777 4594 nostri.
803 4517 902 4597 Item
924 4548 1028 4627 quae
1051 4522 1094 4600 in
1117 4523 1163 4600 iis
1185 4522 1297 4601 libris
1315 4521 1461 4619 Moysi,
1483 4519 1618 4613 losse,
1641 4517 1843 4611 iudicum,
1865 4518 2039 4622 Regum,
2063 4515 2269 4628 Paralipo-

459 4657 624 4730 menon,
646 4638 812 4736 Esdrae,
838 4643 978 4724 Esther
1000 4662 1039 4725 et
1063 4645 1156 4743 lob,
1178 4648 1220 4725 in
1245 4647 1324 4726 hoc
1350 4643 1486 4726 codice
1511 4647 1701 4750 impresso
1727 4641 1946 4739 contentis,
1968 4641 2101 4721 colore
2130 4640 2269 4746 nigro,

459 4753 541 4834 sive
567 4758 673 4840 inter
697 4763 840 4863 lineas,
863 4768 946 4846 sive
969 4769 1011 4846 in
1036 4769 1280 4876 marginibus
1301 4770 1349 4848 iis
1371 4769 1493 4874 signis
1517 4783 1653 4845 notata
1670 4782 1709 4846 ct
1733 4767 1880 4872 scripta
1905 4781 2016 4859 sunt,
2038 4763 2089 4844 ad
2113 4781 2272 4843 textum

459 4883 660 4986 gothicum
686 4890 908 4994 pertinent,
929 4909 969 4971 ct
992 4921 1097 5001 quae
1124 4894 1251 4975 deleta
1279 4895 1438 4972 suntin
1467 4917 1653 4988 excusso,
1678 4889 1903 4998 praedictus
1930 4890 2058 4969 codex
2085 4889 2273 4994 gothicus

460 5031 544 5086 non
565 5008 752 5091 habebat.
777 5015 874 5096 Item
898 5044 1004 5123 quae
1025 5021 1264 5127 transcripta
1286 5033 1380 5097 sunt
1403 5015 1530 5095 rubeo
1550 5016 1683 5096 colore
1707 5017 1750 5094 in
1772 5015 1850 5095 hoc
1870 5016 2082 5121 impressu,
2104 5014 2146 5092 in
2165 5041 2272 5093 mar-

564 5279 602 5344 (1)
620 5275 726 5334 Veteris
743 5277 828 5338 huius
843 5281 990 5353 editionis,
1002 5297 1073 5356 quse
1086 5281 1273 5355 lugdunensis
1288 5283 1327 5338 vi·
1398 5285 1554 5343 Bibliorom
1576 5283 1696 5340 maxima
1718 5289 1780 5351 est;
1800 5280 1835 5338 de
1855 5297 1910 5355 qua
1934 5279 2021 5349 alibi,
2045 5286 2079 5337 ut
2099 5293 2268 5352 speramus,

458 5363 830 5434 inanimantium
850 5371 978 5428 nondum
995 5373 1149 5445 comperire
1166 5372 1326 5445 patrimum
1397 5372 1591 5447 quaestionem
1610 5372 1798 5430 instituemus.
1820 5370 1936 5428 interitu
1959 5369 2053 5444 accipe
2072 5368 2201 5426 ordinem
2220 5385 2271 5425 co·

458 5453 561 5514 desunt
577 5457 675 5536 euim,
687 5458 728 5516 vel
747 5461 839 5533 potius
855 5461 978 5520 abscissa
996 5462 1073 5520 luere
1091 5471 1231 5536 postrema
1248 5461 1325 5519 lolia.
1399 5463 1470 5520 dicis
1488 5462 1670 5534 legionensis:
1690 5463 1817 5530 Pectat,
1835 5461 1933 5529 iosus,
1947 5457 2053 5527 ludia,
2070 5457 2163 5528 Ruth,
2176 5459 2270 5530 Regg.

517 5559 529 5582 ·
563 5549 601 5614 (2)
620 5547 698 5619 Quae
716 5550 801 5609 codex
817 5551 947 5622 gothicus
964 5551 1135 5622 legionensis
1151 5550 1237 5608 habet
1255 5567 1326 5607 mar·
1400 5552 1463 5622 Ν,
1476 5548 1577 5608 Parall.
1593 5551 1646 5617 ii,
1661 5549 1725 5614 iob,
1739 5547 1812 5604 Psal.
1823 5588 1830 5616 ,
1843 5547 1940 5617 Pron,
1955 5545 2065 5615 lisele,
2077 5547 2175 5613 Cant,
2188 5545 2270 5617 Sap,

458 5633 562 5706 dualia
577 5635 620 5693 rel
635 5634 671 5692 ad
685 5646 803 5696 veterem
816 5639 913 5697 italam
928 5641 1084 5711 pertineat,
1097 5639 1140 5696 vel
1156 5637 1270 5707 saitem,
1284 5639 1326 5697 uti
1399 5640 1502 5710 Ereti,
1521 5639 1676 5711 Prophetae
1695 5637 1813 5694 maiores
1834 5636 1882 5694 iv·
1899 5642 1981 5704 (cum
2001 5635 2112 5696 Bsruch
2131 5641 2160 5691 et
2178 5633 2271 5690 Thre-

459 5740 523 5782 mox
537 5723 657 5797 dicitur,
669 5743 701 5784 ex
718 5728 824 5800 graecis
840 5727 985 5788 codicibus
1001 5728 1125 5787 derivata
1141 5738 1209 5787 sunt
1224 5729 1279 5798 (ci.
1294 5727 1329 5787 ad
1401 5728 1476 5799 nis),
1491 5729 1613 5786 minores
1627 5729 1711 5795 xii,
1725 5724 1829 5784 Esdrae
1843 5727 1897 5796 11.,
1910 5724 2028 5792 Tobios,
2043 5723 2139 5792 lieth,
2154 5722 2271 5794 iudith,

460 5813 543 5872 Deut.
563 5816 620 5887 xi,
640 5822 684 5875 titi.
705 5819 781 5888 xiv,
800 5823 827 5876 5.
846 5823 888 5875 ii.
898 5822 918 5886 ).
1399 5818 1557 5887 blachii,
1570 5819 1689 5888 Eraug,
1703 5817 1777 5882 Act..
1791 5815 1890 5886 Epistt.
1903 5815 1983 5872 Ceth.
1996 5814 2071 5884 vii,
2086 5812 2175 5872 Paulli
2189 5813 2270 5870 xlv.

563 5905 601 5972 (a)
620 5905 750 5965 Vetemm
768 5905 896 5967 ecdicum
916 5908 1033 5967 variatas
1047 5908 1078 5967 in
1096 5909 1195 5968 ordine
1212 5908 1329 5968 canonis
1402 5906 1526 5976 (accedit
1542 5907 1623 5979 epist.
1643 5903 1680 5964 ad
1698 5904 1884 5974 laodicens),
1902 5902 2017 5978 Apocsi.
