4830 6678
433 515 504 590 llll
1179 515 1494 594 sectationem

433 665 540 747 ranii
567 691 674 746 anno
699 664 938 748 MDXLVll.
967 667 1143 776 quodam
1169 670 1290 751 modo
1317 670 1530 778 pendente
1548 670 1645 748 haec
1672 693 1767 748 rere
1794 694 1845 748 ex
1872 670 2099 777 stephanica
2129 695 2236 748 anno

433 786 597 872 MDXL.
620 789 827 896 impressa,
847 819 953 898 quae
975 793 1137 901 quidem
1161 823 1246 874 non
1270 822 1359 875 raro
1382 795 1433 874 ab
1456 793 1541 874 aliis
1560 790 1736 872 eiusdem
1759 793 1921 873 Roberti
1940 791 2132 900 Stephani
2153 791 2237 873 edi·

431 912 608 994 tionibus
626 911 820 994 dissentit.
840 914 939 996 Suas
956 935 1157 1024 praeterea
1176 918 1328 998 babent
1349 918 1567 1023 singulares
1584 917 1773 996 lectiones
1788 915 1915 998 Biblta
1934 945 2039 1026 quae
2056 916 2236 996 Venetiis

433 1054 472 1120 et
489 1033 677 1142 Lugduni
699 1039 862 1120 ineunte
884 1041 1017 1120 seculo
1036 1039 1144 1119 XVI.
1167 1040 1426 1148 prodierunt;
1448 1041 1624 1147 itemque
1645 1039 1841 1120 editiones
1864 1067 1967 1148 quae
1991 1041 2123 1124 seculo
2143 1039 2233 1120 XV.

423 1189 482 1242 --en
509 1162 786 1269 manuscriptis
812 1163 1016 1244 codicibus
1044 1165 1204 1246 haustae
1231 1181 1339 1244 sunt.
1367 1166 1626 1272 Quapropter
1648 1182 1695 1243 ut
1718 1163 1875 1272 liquido
1903 1182 2102 1246 constaret
2126 1165 2236 1273 quali

431 1303 537 1366 statu
562 1287 804 1370 haberentur
821 1287 948 1368 Biblia
971 1289 1128 1397 vulgata
1150 1289 1271 1368 latina
1294 1306 1387 1368 ante
1406 1289 1626 1370 Concilium
1650 1287 1930 1384 tridentinum,
1951 1288 2237 1397 inquirendum

431 1409 505 1490 fuit
533 1437 728 1517 quaenam
746 1407 923 1491 veterum
942 1412 1341 1520 praeclarissimorum
1359 1410 1579 1492 editionum
1598 1429 1698 1494 esset
1715 1413 1930 1508 eorrectio,
1952 1413 2074 1492 relate
2090 1411 2141 1493 ad
2160 1413 2237 1492 cle·

430 1536 659 1616 mentinam.
687 1535 847 1615 Illarum
874 1537 1009 1643 itaque
1036 1537 1263 1631 varietates,
1285 1538 1421 1616 saltem
1444 1535 1582 1644 quoad
1609 1536 1720 1616 licuit
1737 1563 1803 1616 eas
1821 1537 2044 1643 exploratus
2066 1537 2234 1631 babere,

430 1655 728 1756 adnotavimus;
760 1657 988 1767 eisdemque
1013 1656 1269 1740 adiunximus
1296 1660 1485 1740 lectiones
1513 1687 1733 1763 paucorum
1762 1658 1944 1740 codicum
1973 1660 2093 1740 seculi
2121 1659 2231 1738 Xlll.

429 1799 469 1862 et
491 1781 624 1880 XIV.‚
650 1809 701 1862 ex
728 1783 878 1890 quibus
904 1783 1017 1864 facile
1044 1783 1245 1864 studiosus
1272 1783 1397 1864 lector
1424 1784 1617 1889 intelliget
1644 1782 1838 1872 editiones
1864 1781 2109 1878 Bibliorum,
2132 1809 2237 1890 quae

429 1907 679 2012 stephanieas
697 1925 944 2013 antegressae
965 1924 1078 2002 sunt,
1099 1908 1167 1986 vix
1192 1937 1213 1987 a
1236 1906 1375 1988 Bibliis
1396 1909 1697 2014 manuscriptis,
1717 1935 1821 2015 quae
1843 1909 2023 2015 proxime
2041 1907 2235 2014 superiori

428 2045 556 2112 aetate
583 2032 881 2138 usurpabantur
907 2031 1086 2112 differre:
1114 2031 1305 2138 intelliget
1332 2059 1497 2142 quoquc
1524 2049 1720 2139 quantum
1748 2033 1845 2112 haec
1874 2049 2007 2112 nostra
2034 2029 2165 2111 studia
2186 2057 2236 2111 ex

428 2156 793 2262 antiquissimorum
821 2154 1022 2251 codicum,
1044 2156 1295 2263 aliorumque
1318 2158 1537 2263 priscorum
1563 2157 1719 2234 testium
1742 2155 1954 2235 collatione
1975 2155 2233 2262 profecerint.

429 2280 511 2360 Etsi
533 2285 638 2360 enirn
665 2281 741 2360 boc
764 2280 960 2360 inlabere
983 2309 1066 2359 non
1091 2309 1231 2388 magna
1251 2297 1604 2360 monumentorum
1627 2282 1742 2388 eopia
1765 2277 1915 2374 adfuit,
1937 2279 2237 2387 praeclarissimi

428 2421 559 2484 tamen
581 2406 699 2485 nobis
720 2405 849 2484 fontes
868 2423 1107 2513 patuerunt;
1134 2432 1183 2483 ex
1207 2405 1356 2512 quibus
1380 2406 1520 2511 ingens
1543 2406 1758 2485 lectionum
1779 2431 1922 2484 census
1945 2404 2113 2500 exstitit,
2135 2429 2238 2511 quas

428 2555 544 2608 nemo
572 2545 826 2610 contemnere
852 2531 938 2608 iure
964 2528 1109 2636 possit3
1136 2557 1210 2610 nec
1233 2557 1328 2609 raro
1351 2547 1510 2637 patrum
1538 2530 1608 2637 qui
1637 2530 1802 2635 singulis
1826 2528 2023 2608 aetatibus
2046 2555 2070 2608 a
2091 2526 2162 2605 Vl.
2183 2526 2234 2606 ad

425 2652 514 2732 Xll.
536 2653 712 2732 seculum
743 2651 913 2733 floruere
940 2654 1068 2759 impar
1095 2651 1170 2732 fuit
1197 2680 1310 2748 usus,
1337 2679 1467 2760 neque
1495 2654 1628 2733 minor
1649 2653 1743 2734 inde
1767 2653 1941 2732 manavit
1968 2652 2130 2731 utilitas.
2154 2649 2233 2732 Sed

425 2775 523 2856 baec
549 2774 670 2856 modo
697 2776 873 2856 innuisse
899 2775 1091 2872 sufficiat,
1113 2804 1218 2884 quae
1239 2777 1318 2856 alio
1341 2776 1430 2855 loco
1457 2774 1676 2856 evolvenda
1699 2801 1959 2856 reservamus.
1987 2777 2126 2882 ltaque
2150 2801 2235 2854 uno

423 2899 569 2994 verbo,
593 2899 795 3009 quidquid
817 2902 861 2981 in
883 2899 1077 2980 hodierna
1100 2899 1319 2980 Bibliorum
1342 2901 1580 2981 clementina
1602 2898 1778 2982 editione
1798 2925 1820 2978 a
1840 2901 2013 2978 romanis
2035 2915 2234 2978 correcto-

424 3022 536 3104 ribus
565 3041 695 3103 ortum
725 3025 885 3120 habuit,
907 3021 1109 3132 quidquid
1137 3023 1256 3104 iidem
1284 3041 1529 3104 correctores
1556 3023 1671 3104 aliter
1697 3023 1793 3102 olim
1820 3020 2112 3104 emendandum
2140 3045 2234 3100 cen·

341 3163 345 3176 ·
423 3163 604 3240 suerent,
626 3145 827 3254 quidquid
849 3148 891 3226 in
917 3147 1055 3254 priscis
1081 3145 1325 3226 editionibus
1346 3146 1407 3226 vel
1432 3145 1639 3226 codicibus
1662 3146 1796 3226 aliisve
1817 3145 2070 3226 documentis
2094 3144 2147 3224 ab
2169 3169 2234 3224 ea·-

421 3267 512 3352 dem
541 3271 777 3352 clementina
805 3271 980 3354 editione
1007 3271 1215 3352 dissentire
1242 3269 1598 3379 deprehendimus,
1621 3269 1672 3350 ad
1700 3297 1794 3350 suos
1821 3269 1952 3350 fontes
1979 3293 2231 3360 revocamus,

421 3391 475 3472 ad
502 3395 660 3474 criticae
688 3424 869 3498 normam
893 3394 1176 3504 expendimus;
1203 3397 1372 3505 optimas
1398 3422 1582 3503 quasque
1609 3395 1825 3474 lectionum
1852 3393 2060 3472 varietates
2082 3419 2105 3470 a
2129 3417 2234 3498 pon-

421 3517 552 3598 tificiis
579 3521 814 3600 censoribus
842 3521 1018 3600 invectas
1040 3537 1220 3614 tuemur,
1242 3519 1497 3598 librariorum
1520 3543 1678 3597 errores
1704 3517 1922 3610 reiieimus,
1947 3515 1989 3594 in
2018 3511 2150 3594 dubiis
2173 3539 2234 3591 ra-

423 3642 579 3722 tionum
602 3661 801 3724 momenta
822 3646 914 3724 binc
933 3643 1027 3724 inde
1045 3645 1328 3754 proponimus,
1350 3642 1504 3750 singula
1527 3657 1711 3722 accurate
1729 3668 1804 3748 pro
1826 3639 1979 3718 viribus
1997 3639 2234 3742 vestigamus

423 3783 461 3845 et
488 3765 631 3848 ordine
658 3768 911 3876 proferimus.
942 3768 1109 3876 Saepius
1137 3785 1294 3863 autem,
1326 3767 1490 3876 prolatis
1517 3765 1712 3859 testibus,
1742 3791 1764 3842 a
1791 3763 1975 3872 quolibet
2001 3760 2149 3844 iudicio
2177 3760 2233 3840 fe·

422 3888 547 3969 rendo
575 3891 836 3987 abstinemus,
859 3909 941 3972 turn
967 3894 1060 4000 quia
1084 3891 1156 3972 nisi
1181 3907 1288 3972 certa
1310 3890 1442 3971 adsint
1465 3918 1541 3999 pro
1564 3889 1752 3970 alterutra
1777 3904 1890 3998 parte
1911 3903 2140 3996 argumenta
2164 3911 2241 3994 pe,

423 4013 638 4096 riculosum
658 4033 717 4096 est
736 4013 887 4124 aliquid
906 4015 1093 4115 delinire3
1116 4033 1201 4096 tum
1218 4016 1313 4125 quia
1331 4015 1519 4109 aliorum,
1542 4015 1612 4122 qui
1633 4012 1815 4096 doctrina
1833 4029 1872 4092 et
1890 4010 2105 4119 prudentia
2126 4035 2234 4117 pree

422 4155 527 4218 stant
552 4138 744 4220 iudicium
768 4169 1063 4250 praeoccupare
1081 4169 1163 4224 non
1184 4142 1486 4249 oportebat(1).
1513 4140 1606 4238 Qua
1625 4140 1666 4217 in
1684 4163 1729 4216 re
1745 4135 1965 4216 timidiores
1989 4135 2141 4244 potius,
2163 4150 2233 4212 aut

420 4265 735 4374 scrupulosiores
763 4263 889 4344 videri
912 4265 1139 4364 maluimus,
1161 4294 1283 4375 quam
1305 4279 1536 4370 arrogantes
1558 4278 1597 4343 et
1622 4259 1837 4342 temerarii:
1863 4261 1941 4340 boc
1963 4259 2068 4340 enim
2091 4258 2230 4338 vitium

419 4406 460 4468 et
478 4390 636 4496 turpius
653 4415 758 4484 esse,
779 4407 819 4468 et
838 4418 861 4468 a
882 4390 1047 4470 veritate
1070 4390 1192 4497 magis
1211 4387 1411 4470 abducere
1428 4386 1751 4467 existimavimus.
1775 4386 1875 4465 Nam
1893 4384 2137 4492 experientia
2159 4409 2233 4466 nos

420 4513 582 4594 edocuit
604 4516 759 4622 saepius
782 4517 823 4593 in
848 4542 891 4593 re
913 4516 1050 4595 critica
1075 4515 1163 4594 illos
1186 4511 1453 4622 imprudentia
1477 4512 1611 4622 lapsos
1634 4511 1753 4592 luisse
1776 4510 1846 4618 qui
1869 4507 2101 4590 fidentiores
2123 4505 2232 4586 vide·

422 4639 584 4718 bantur.
613 4639 745 4720 Mente
773 4668 940 4748 quoque
968 4642 1142 4748 reposita
1168 4655 1254 4720 erat
1282 4637 1513 4744 Hieronymi
1540 4637 1759 4730 sententia,
1787 4635 1859 4742 qui
1888 4635 1930 4714 in
1958 4650 2227 4714 correctorum

421 4762 615 4843 licentiam
645 4765 849 4845 invehitur
871 4763 1027 4845 dicens:
1054 4767 1168 4846 Dum
1190 4762 1350 4842 alienos
1372 4787 1517 4839 errores
1539 4759 1750 4838 emendare
1777 4759 1988 4852 nituntur,
2013 4756 2232 4835 ostendunt

419 4915 514 4966 suos
540 4887 602 4995 (l,
624 4889 718 4994 [437.
734 4891 766 4994 );
792 4888 967 4996 itemque
991 4889 1122 4996 magni
1145 4883 1622 4992 Cassiodorii'praecepta
1645 4883 1798 4992 (LXX,
1826 4881 1967 4986 1126.)
1975 4941 1987 4978 ,
2010 4879 2081 4960 ubi
2110 4876 2231 4959 tradit

418 5011 760 5118 quemadmodum
784 5013 828 5091 in
851 5012 1075 5121 Scripturas
1096 5010 1244 5090 divinis
1269 5009 1525 5088 librariorum
1548 5008 1645 5086 vitia
1669 5006 1855 5116 corrigere
1877 5006 2112 5097 debeamus,·
2140 5029 2229 5080 nam

420 5136 514 5214 scite
537 5136 612 5214 ait:
632 5135 703 5216 Sic
724 5139 964 5245 scriptorum
988 5137 1137 5218 delicta·
1156 5133 1354 5242 corrigite,
1381 5161 1431 5232 ne
1451 5131 1555 5212 iuste
1576 5133 1832 5242 arguamini,
1856 5131 1895 5210 si
1912 5129 2235 5238 praecipitanter

524 5389 561 5452 (t)
583 5385 662 5444 Hane
679 5387 837 5446 cautionem
855 5404 870 5446 a
887 5389 963 5446 Luca
982 5387 1118 5460 Brugenst
1138 5386 1290 5459 pnrrtentsr
1362 5409 1376 5436 s
1395 5391 1483 5442 cnm
1504 5383 1566 5442 aust
1588 5397 1689 5442 mmm
1708 5382 1875 5444 nemean
1898 5379 2056 5454 explicare,
2080 5379 2110 5436 iu
2132 5391 2231 5435 omnes

417 5473 592 5542 adhibitam,
608 5474 711 5534 imitarl
727 5478 902 5544 curarimusa
916 5491 981 5534 nam
997 5475 1045 5534 ute
1061 5473 1098 5534 ad
1112 5473 1194 5533 card.
1207 5473 1295 5531 stete·
1363 5498 1378 5524 ι
1397 5488 1486 5547 aeque
1506 5479 1617 5546 partes,
1635 5474 1675 5530 ita
1697 5481 1730 5531 ut
1749 5469 1857 5528 lambat
1875 5483 2076 5542 unaquaeque,
2095 5464 2230 5524 dissenti-

419 5563 609 5626 tunsone:
625 5566 721 5624 «ssiam
737 5567 768 5624 in
784 5565 919 5635 dublum,
932 5565 1114 5638 deganam
1127 5562 1294 5636 interpretis
1360 5586 1373 5612 ι
1395 5577 1479 5632 m,
1497 5570 1533 5620 ut
1550 5563 1576 5620 st
1593 5577 1676 5636 quen
1700 5560 1763 5634 plns
1785 5557 1857 5617 torte
1875 5558 1994 5618 alterius
2014 5558 2101 5632 pente
2122 5569 2230 5613 umere

420 5677 432 5700 ν
453 5654 1042 5728 memequmtepaoevsmmnnon
1055 5653 1293 5726 intentantium
1363 5673 1376 5703 ι
1396 5653 1506 5724 pomtnt
1521 5651 1659 5720 nucum,
1677 5663 1740 5707 ean
1759 5663 1825 5722 prae
1843 5655 1938 5706 nostn
1955 5647 2027 5705 liber
2045 5645 2231 5718 amplecterer

420 5767 433 5790 υ
455 5741 593 5811 luimus,
605 5743 673 5814 sed,
685 5745 720 5802 iis
736 5759 807 5818 quse
823 5744 1011 5816 prostngults
1027 5743 1151 5802 bcemnt
1163 5741 1290 5817 partibus
1362 5765 1376 5790 ·
1395 5741 1539 5813 opinlone.
1556 5739 1700 5810 copim
1709 5737 1785 5794 enim
1802 5735 1965 5796 melleribns
1977 5733 2101 5792 subiecta
2119 5740 2234 5791 munn-

420 5857 432 5882 ι
453 5833 484 5892 in
508 5833 636 5894 medinm
652 5833 767 5902 albus,
786 5831 929 5891 lamudam
946 5834 1115 5891 acaunum
1138 5831 1204 5890 aliis
1222 5827 1293 5888 ralis
1362 5853 1375 5880 ν
1396 5829 1458 5900 tiis,
1470 5843 1574 5903 quasa
1591 5825 1673 5884 nobis
1689 5824 1812 5884 ladem
1826 5831 1910 5892 muts
1925 5839 1977 5883 nec
1993 5831 2120 5890 mun,
2132 5835 2228 5882 samm

418 5945 433 5968 ι’
453 5923 577 5993 quimus.
597 5923 673 5995 Quin
690 5929 718 5980 et
732 5921 818 5990 alias,
835 5936 914 5987 cum,
931 5937 961 5980 re
977 5922 1045 5981 sads
1063 5921 1224 5996 penpteoa,
1238 5933 1288 5978 no-
1363 5943 1376 5972 η
1395 5921 1482 5978 mian
1501 5929 1697 5990 mumque
1715 5923 1765 5976 aut
1782 5915 1860 5977 alm
1877 5922 1925 5974 snt
1942 5913 2084 5986 caipha
