<?xml version="1.0" encoding="UTF-8"?>
<!DOCTYPE html PUBLIC "-//W3C//DTD XHTML 1.0 Transitional//EN"
    "http://www.w3.org/TR/xhtml1/DTD/xhtml1-transitional.dtd">
<html xmlns="http://www.w3.org/1999/xhtml" xml:lang="en" lang="en">
 <head>
  <title>
</title>
<meta http-equiv="Content-Type" content="text/html;charset=utf-8" />
  <meta name='ocr-system' content='tesseract 3.04.00' />
  <meta name='ocr-capabilities' content='ocr_page ocr_carea ocr_par ocr_line ocrx_word'/>
</head>
<body>
  <div class='ocr_page' id='page_1' title='image "./variaelectiones00vercgoog_0285.png"; bbox 0 0 4748 6680; ppageno 0'>
   <div class='ocr_carea' id='block_1_1' title="bbox 404 460 1331 2196">
    <p class='ocr_par' dir='ltr' id='par_1_1' title="bbox 448 460 1304 912">
     <span class='ocr_line' id='line_1_1' title="bbox 450 460 523 531; baseline -0.014 0"><span class='ocrx_word' id='word_1_1' title='bbox 450 460 523 531; x_wconf 82' lang='grc'><strong><em>149</em></strong></span> 
     </span>
     <span class='ocr_line' id='line_1_2' title="bbox 451 606 1303 706; baseline -0.001 -27"><span class='ocrx_word' id='word_1_2' title='bbox 451 611 563 682; x_wconf 82' lang='grc'>4444000</span> <span class='ocrx_word' id='word_1_3' title='bbox 588 607 797 692; x_wconf 87' lang='lat' dir='ltr'><strong><em>descendere;</em></strong></span> <span class='ocrx_word' id='word_1_4' title='bbox 822 633 902 692; x_wconf 88' lang='lat' dir='ltr'><strong><em>seu,</em></strong></span> <span class='ocrx_word' id='word_1_5' title='bbox 928 607 976 680; x_wconf 92' lang='lat' dir='ltr'><strong><em>uti</em></strong></span> <span class='ocrx_word' id='word_1_6' title='bbox 1006 606 1107 678; x_wconf 90' lang='lat' dir='ltr'><strong><em>babet</em></strong></span> <span class='ocrx_word' id='word_1_7' title='bbox 1135 606 1303 706; x_wconf 85' lang='lat' dir='ltr'><strong><em>llierony·</em></strong></span> 
     </span>
     <span class='ocr_line' id='line_1_3' title="bbox 448 720 1304 796; baseline -0.004 -1"><span class='ocrx_word' id='word_1_8' title='bbox 448 751 524 796; x_wconf 88' lang='lat' dir='ltr'><strong><em>mue</em></strong></span> <span class='ocrx_word' id='word_1_9' title='bbox 554 723 578 794; x_wconf 94' lang='lat' dir='ltr'><strong><em>l.</em></strong></span> <span class='ocrx_word' id='word_1_10' title='bbox 600 749 630 794; x_wconf 94' lang='lat' dir='ltr'><strong><em>c.</em></strong></span> <span class='ocrx_word' id='word_1_11' title='bbox 650 720 733 796; x_wconf 81' lang='lat' dir='ltr'><strong><em>lVole&#39;</em></strong></span> <span class='ocrx_word' id='word_1_12' title='bbox 761 724 869 792; x_wconf 82' lang='lat' dir='ltr'><strong><em>timere</em></strong></span> <span class='ocrx_word' id='word_1_13' title='bbox 900 720 1100 792; x_wconf 75' lang='lat' dir='ltr'><strong><em>descendere.</em></strong></span> <span class='ocrx_word' id='word_1_14' title='bbox 1123 720 1219 792; x_wconf 83' lang='lat' dir='ltr'><strong><em>Cous.</em></strong></span> <span class='ocrx_word' id='word_1_15' title='bbox 1243 720 1304 792; x_wconf 88' lang='lat' dir='ltr'><strong><em>Sa·</em></strong></span> 
     </span>
     <span class='ocr_line' id='line_1_4' title="bbox 449 838 648 912; baseline -0.02 -2"><span class='ocrx_word' id='word_1_16' title='bbox 449 838 621 912; x_wconf 85' lang='lat' dir='ltr'><strong><em>batiarius.</em></strong></span> <span class='ocrx_word' id='word_1_17' title='bbox 646 899 648 906; x_wconf 93' lang='lat'><strong><em>.</em></strong></span> 
     </span>
    </p>

    <p class='ocr_par' dir='ltr' id='par_1_2' title="bbox 448 949 1305 1510">
     <span class='ocr_line' id='line_1_5' title="bbox 497 949 1305 1049; baseline -0.002 -26"><span class='ocrx_word' id='word_1_18' title='bbox 497 952 584 1024; x_wconf 93' lang='lat' dir='ltr'><strong><em>lbid.</em></strong></span> <span class='ocrx_word' id='word_1_19' title='bbox 605 954 684 1049; x_wconf 82' lang='lat' dir='ltr'><strong><em>quia</em></strong></span> <span class='ocrx_word' id='word_1_20' title='bbox 703 954 738 1023; x_wconf 86' lang='lat' dir='ltr'><strong><em>t&#39;n</em></strong></span> <span class='ocrx_word' id='word_1_21' title='bbox 754 965 880 1049; x_wconf 78' lang='lat' dir='ltr'><strong><em>pentem</em></strong></span> <span class='ocrx_word' id='word_1_22' title='bbox 893 977 1048 1048; x_wconf 78' lang='lat' dir='ltr'><strong><em>mapsam</em></strong></span> <span class='ocrx_word' id='word_1_23' title='bbox 1064 951 1188 1049; x_wconf 76' lang='grc'>[004040</span> <span class='ocrx_word' id='word_1_24' title='bbox 1209 965 1237 1021; x_wconf 88' lang='grc'><strong><em>40</em></strong></span> <span class='ocrx_word' id='word_1_25' title='bbox 1255 949 1305 1021; x_wconf 75' lang='lat' dir='ltr'><strong><em>tte·</em></strong></span> 
     </span>
     <span class='ocr_line' id='line_1_6' title="bbox 448 1062 1303 1161; baseline -0.004 -22"><span class='ocrx_word' id='word_1_26' title='bbox 448 1067 595 1138; x_wconf 86' lang='lat' dir='ltr'><strong><em>-Bibl</em></strong></span> <span class='ocrx_word' id='word_1_27' title='bbox 618 1067 758 1154; x_wconf 80' lang='lat' dir='ltr'><strong><em>Ordin,</em></strong></span> <span class='ocrx_word' id='word_1_28' title='bbox 783 1065 958 1151; x_wconf 78' lang='lat' dir='ltr'>wolbero,</span> <span class='ocrx_word' id='word_1_29' title='bbox 986 1067 1104 1137; x_wconf 89' lang='lat' dir='ltr'><strong><em>Petras</em></strong></span> <span class='ocrx_word' id='word_1_30' title='bbox 1130 1062 1224 1135; x_wconf 88' lang='lat' dir='ltr'><strong><em>Com.</em></strong></span> <span class='ocrx_word' id='word_1_31' title='bbox 1250 1064 1303 1161; x_wconf 75' lang='grc'><strong><em>[0-</em></strong></span> 
     </span>
     <span class='ocr_line' id='line_1_7' title="bbox 450 1178 1302 1281; baseline -0.007 -26"><span class='ocrx_word' id='word_1_32' title='bbox 450 1187 595 1281; x_wconf 74' lang='lat' dir='ltr'><strong><em>cinosque</em></strong></span> <span class='ocrx_word' id='word_1_33' title='bbox 622 1198 649 1254; x_wconf 92' lang='lat' dir='ltr'><strong><em>te</em></strong></span> <span class='ocrx_word' id='word_1_34' title='bbox 675 1184 724 1254; x_wconf 84' lang='grc'><strong><em>454</em></strong></span> <span class='ocrx_word' id='word_1_35' title='bbox 748 1184 782 1253; x_wconf 84' lang='grc'><strong><em>40</em></strong></span> <span class='ocrx_word' id='word_1_36' title='bbox 807 1196 933 1279; x_wconf 74' lang='lat' dir='ltr'><strong><em>pentem</em></strong></span> <span class='ocrx_word' id='word_1_37' title='bbox 960 1205 1126 1276; x_wconf 74' lang='lat' dir='ltr'><strong><em>tunquam.</em></strong></span> <span class='ocrx_word' id='word_1_38' title='bbox 1153 1178 1302 1251; x_wconf 82' lang='lat' dir='ltr'>Totidem</span> 
     </span>
     <span class='ocr_line' id='line_1_8' title="bbox 450 1291 1305 1394; baseline -0.011 -22"><span class='ocrx_word' id='word_1_39' title='bbox 450 1298 561 1372; x_wconf 83' lang='lat' dir='ltr'><strong><em>verbis</em></strong></span> <span class='ocrx_word' id='word_1_40' title='bbox 581 1297 775 1370; x_wconf 87' lang='lat' dir='ltr'><strong><em>hebraicum</em></strong></span> <span class='ocrx_word' id='word_1_41' title='bbox 794 1296 953 1394; x_wconf 82' lang='lat' dir='ltr'>exprimit</span> <span class='ocrx_word' id='word_1_42' title='bbox 966 1313 1100 1394; x_wconf 88' lang='lat' dir='ltr'><strong><em>recepta</em></strong></span> <span class='ocrx_word' id='word_1_43' title='bbox 1114 1293 1243 1389; x_wconf 83' lang='lat' dir='ltr'><strong><em>Vulgati</em></strong></span> <span class='ocrx_word' id='word_1_44' title='bbox 1262 1291 1305 1364; x_wconf 85' lang='grc'><strong><em>40</em></strong></span> 
     </span>
     <span class='ocr_line' id='line_1_9' title="bbox 450 1411 945 1510; baseline -0.01 -24"><span class='ocrx_word' id='word_1_45' title='bbox 450 1416 527 1486; x_wconf 86' lang='grc'>0440.</span> <span class='ocrx_word' id='word_1_46' title='bbox 545 1414 641 1486; x_wconf 82' lang='lat' dir='ltr'><strong><em>(lons.</em></strong></span> <span class='ocrx_word' id='word_1_47' title='bbox 660 1413 856 1510; x_wconf 84' lang='lat' dir='ltr'><strong><em>Hieronym.</em></strong></span> <span class='ocrx_word' id='word_1_48' title='bbox 875 1411 899 1482; x_wconf 92' lang='grc' dir='ltr'><strong><em>Ι.</em></strong></span> <span class='ocrx_word' id='word_1_49' title='bbox 916 1435 945 1484; x_wconf 93' lang='lat' dir='ltr'><strong><em>c.</em></strong></span> 
     </span>
    </p>

    <p class='ocr_par' dir='ltr' id='par_1_3' title="bbox 450 1524 1331 1832">
     <span class='ocr_line' id='line_1_10' title="bbox 503 1524 1301 1613; baseline -0.006 -11"><span class='ocrx_word' id='word_1_50' title='bbox 503 1534 535 1602; x_wconf 92' lang='grc'><strong><em>4.</em></strong></span> <span class='ocrx_word' id='word_1_51' title='bbox 558 1531 632 1602; x_wconf 79' lang='lat' dir='ltr'><strong><em>inde</em></strong></span> <span class='ocrx_word' id='word_1_52' title='bbox 658 1529 820 1602; x_wconf 80' lang='lat' dir='ltr'><strong><em>adducam</em></strong></span> <span class='ocrx_word' id='word_1_53' title='bbox 841 1543 934 1598; x_wconf 86' lang='grc'><strong><em>40-</em></strong></span> <span class='ocrx_word' id='word_1_54' title='bbox 947 1526 1055 1600; x_wconf 88' lang='lat' dir='ltr'><strong><em>Codd.</em></strong></span> <span class='ocrx_word' id='word_1_55' title='bbox 1072 1527 1116 1613; x_wconf 85' lang='grc' dir='ltr'>Α,</span> <span class='ocrx_word' id='word_1_56' title='bbox 1137 1526 1182 1612; x_wconf 91' lang='lat' dir='ltr'><strong><em>E,</em></strong></span> <span class='ocrx_word' id='word_1_57' title='bbox 1199 1524 1301 1597; x_wconf 86' lang='lat' dir='ltr'><strong><em>(lonc.</em></strong></span> 
     </span>
     <span class='ocr_line' id='line_1_11' title="bbox 450 1638 1331 1744; baseline -0.006 -27"><span class='ocrx_word' id='word_1_58' title='bbox 450 1646 609 1744; x_wconf 77' lang='lat' dir='ltr'><strong><em>Aquisgn</em></strong></span> <span class='ocrx_word' id='word_1_59' title='bbox 626 1644 649 1715; x_wconf 97' lang='lat' dir='ltr'><strong><em>l.</em></strong></span> <span class='ocrx_word' id='word_1_60' title='bbox 668 1671 697 1716; x_wconf 92' lang='grc'><strong><em>0.</em></strong></span> <span class='ocrx_word' id='word_1_61' title='bbox 720 1642 883 1715; x_wconf 83' lang='lat' dir='ltr'><strong><em>adducam</em></strong></span> <span class='ocrx_word' id='word_1_62' title='bbox 909 1657 937 1714; x_wconf 91' lang='lat' dir='ltr'><strong><em>te</em></strong></span> <span class='ocrx_word' id='word_1_63' title='bbox 961 1641 1053 1725; x_wconf 71' lang='lat' dir='ltr'><strong><em>inda·</em></strong></span> <span class='ocrx_word' id='word_1_64' title='bbox 1074 1641 1211 1713; x_wconf 88' lang='lat' dir='ltr'><strong><em>Hieron.</em></strong></span> <span class='ocrx_word' id='word_1_65' title='bbox 1228 1638 1252 1710; x_wconf 94' lang='lat' dir='ltr'><strong><em>l.</em></strong></span> <span class='ocrx_word' id='word_1_66' title='bbox 1269 1663 1300 1712; x_wconf 91' lang='grc'><strong><em>0.</em></strong></span> <span class='ocrx_word' id='word_1_67' title='bbox 1328 1735 1331 1740; x_wconf 60' lang='lat'><strong><em>.</em></strong></span> 
     </span>
     <span class='ocr_line' id='line_1_12' title="bbox 451 1759 742 1832; baseline -0.01 0"><span class='ocrx_word' id='word_1_68' title='bbox 451 1762 585 1832; x_wconf 78' lang='lat' dir='ltr'><strong><em>educam</em></strong></span> <span class='ocrx_word' id='word_1_69' title='bbox 606 1776 633 1832; x_wconf 87' lang='lat' dir='ltr'><strong><em>te</em></strong></span> <span class='ocrx_word' id='word_1_70' title='bbox 656 1759 742 1831; x_wconf 77' lang='lat' dir='ltr'><strong><em>inde.</em></strong></span> 
     </span>
    </p>

    <p class='ocr_par' dir='ltr' id='par_1_4' title="bbox 404 1875 1307 2196">
     <span class='ocr_line' id='line_1_13' title="bbox 499 1875 1306 1969; baseline -0.009 -22"><span class='ocrx_word' id='word_1_71' title='bbox 499 1876 586 1947; x_wconf 93' lang='lat' dir='ltr'><strong><em>lbid.</em></strong></span> <span class='ocrx_word' id='word_1_72' title='bbox 607 1901 724 1947; x_wconf 87' lang='lat' dir='ltr'><strong><em>manas</em></strong></span> <span class='ocrx_word' id='word_1_73' title='bbox 748 1875 1029 1969; x_wconf 79' lang='lat' dir='ltr'><strong><em>saas-Legunt</em></strong></span> <span class='ocrx_word' id='word_1_74' title='bbox 1053 1899 1187 1944; x_wconf 85' lang='lat' dir='ltr'><strong><em>manum</em></strong></span> <span class='ocrx_word' id='word_1_75' title='bbox 1211 1897 1306 1942; x_wconf 87' lang='lat' dir='ltr'><strong><em>snam</em></strong></span> 
     </span>
     <span class='ocr_line' id='line_1_14' title="bbox 404 1983 1301 2076; baseline -0.013 -11"><span class='ocrx_word' id='word_1_76' title='bbox 404 2043 406 2046; x_wconf 93' lang='lat'><em>-</em></span> <span class='ocrx_word' id='word_1_77' title='bbox 451 1993 584 2074; x_wconf 89' lang='lat' dir='ltr'><strong><em>sixtini,</em></strong></span> <span class='ocrx_word' id='word_1_78' title='bbox 602 1989 803 2076; x_wconf 59' lang='lat' dir='ltr'><strong><em>codano,</em></strong></span> <span class='ocrx_word' id='word_1_79' title='bbox 818 1988 855 2075; x_wconf 84' lang='lat' dir='ltr'><strong><em>C,</em></strong></span> <span class='ocrx_word' id='word_1_80' title='bbox 871 1990 912 2072; x_wconf 91' lang='grc' dir='ltr'>Ι),</span> <span class='ocrx_word' id='word_1_81' title='bbox 931 1989 970 2074; x_wconf 87' lang='grc' dir='ltr'>Ε,</span> <span class='ocrx_word' id='word_1_82' title='bbox 989 1989 1024 2073; x_wconf 86' lang='lat' dir='ltr'><strong><em>F,</em></strong></span> <span class='ocrx_word' id='word_1_83' title='bbox 1038 1987 1075 2072; x_wconf 95' lang='lat' dir='ltr'><strong><em>G,</em></strong></span> <span class='ocrx_word' id='word_1_84' title='bbox 1094 1986 1136 2071; x_wconf 90' lang='lat' dir='ltr'><strong><em>H,</em></strong></span> <span class='ocrx_word' id='word_1_85' title='bbox 1150 1983 1193 2070; x_wconf 90' lang='grc' dir='ltr'>Ο,</span> <span class='ocrx_word' id='word_1_86' title='bbox 1211 1986 1249 2070; x_wconf 88' lang='lat' dir='ltr'><strong><em>ll,</em></strong></span> <span class='ocrx_word' id='word_1_87' title='bbox 1266 1985 1301 2069; x_wconf 87' lang='lat' dir='ltr'><strong><em>S,</em></strong></span> 
     </span>
     <span class='ocr_line' id='line_1_15' title="bbox 452 2099 1307 2196; baseline -0.013 -16"><span class='ocrx_word' id='word_1_88' title='bbox 452 2110 492 2196; x_wconf 88' lang='lat' dir='ltr'><strong><em>T,</em></strong></span> <span class='ocrx_word' id='word_1_89' title='bbox 511 2110 556 2192; x_wconf 95' lang='lat' dir='ltr'><strong><em>U,</em></strong></span> <span class='ocrx_word' id='word_1_90' title='bbox 573 2107 614 2192; x_wconf 91' lang='lat' dir='ltr'><strong><em>V,</em></strong></span> <span class='ocrx_word' id='word_1_91' title='bbox 637 2105 722 2176; x_wconf 87' lang='lat' dir='ltr'><strong><em>Bibl.</em></strong></span> <span class='ocrx_word' id='word_1_92' title='bbox 739 2103 877 2188; x_wconf 90' lang='lat' dir='ltr'><strong><em>Ordin.,</em></strong></span> <span class='ocrx_word' id='word_1_93' title='bbox 900 2104 997 2175; x_wconf 88' lang='lat' dir='ltr'><strong><em>Brev.</em></strong></span> <span class='ocrx_word' id='word_1_94' title='bbox 1015 2101 1111 2174; x_wconf 91' lang='lat' dir='ltr'><strong><em>Goth.</em></strong></span> <span class='ocrx_word' id='word_1_95' title='bbox 1132 2099 1155 2172; x_wconf 91' lang='lat' dir='ltr'><strong><em>l.</em></strong></span> <span class='ocrx_word' id='word_1_96' title='bbox 1173 2127 1219 2186; x_wconf 93' lang='lat' dir='ltr'><strong><em>c.,</em></strong></span> <span class='ocrx_word' id='word_1_97' title='bbox 1243 2099 1307 2172; x_wconf 90' lang='lat' dir='ltr'><strong><em>lsi-</em></strong></span> 
     </span>
    </p>
   </div>
   <div class='ocr_carea' id='block_1_2' title="bbox 330 2215 1308 2309">
    <p class='ocr_par' dir='ltr' id='par_1_5' title="bbox 330 2215 1308 2309">
     <span class='ocr_line' id='line_1_16' title="bbox 330 2215 1308 2309; baseline -0.012 -12"><span class='ocrx_word' id='word_1_98' title='bbox 330 2219 332 2222; x_wconf 55' lang='grc'>’</span> <span class='ocrx_word' id='word_1_99' title='bbox 452 2227 556 2297; x_wconf 89' lang='lat' dir='ltr'><strong><em>dorus</em></strong></span> <span class='ocrx_word' id='word_1_100' title='bbox 570 2223 607 2309; x_wconf 90' lang='lat' dir='ltr'><strong><em>V,</em></strong></span> <span class='ocrx_word' id='word_1_101' title='bbox 626 2224 726 2307; x_wconf 90' lang='grc'>345.,</span> <span class='ocrx_word' id='word_1_102' title='bbox 743 2218 950 2303; x_wconf 77' lang='lat' dir='ltr'><strong><em>Eucherius,</em></strong></span> <span class='ocrx_word' id='word_1_103' title='bbox 968 2219 1085 2289; x_wconf 91' lang='lat' dir='ltr'><strong><em>Petrus</em></strong></span> <span class='ocrx_word' id='word_1_104' title='bbox 1104 2216 1197 2289; x_wconf 88' lang='lat' dir='ltr'><strong><em>Com.</em></strong></span> <span class='ocrx_word' id='word_1_105' title='bbox 1215 2215 1308 2288; x_wconf 78' lang='lat' dir='ltr'><strong><em>Anti·</em></strong></span> 
     </span>
    </p>
   </div>
   <div class='ocr_carea' id='block_1_3' title="bbox 381 2331 1313 4392">
    <p class='ocr_par' dir='ltr' id='par_1_6' title="bbox 381 2331 1310 3678">
     <span class='ocr_line' id='line_1_17' title="bbox 452 2331 1308 2438; baseline -0.009 -29"><span class='ocrx_word' id='word_1_106' title='bbox 452 2340 588 2438; x_wconf 78' lang='lat' dir='ltr'><strong><em>quiores</em></strong></span> <span class='ocrx_word' id='word_1_107' title='bbox 617 2350 728 2433; x_wconf 85' lang='lat' dir='ltr'><strong><em>patros</em></strong></span> <span class='ocrx_word' id='word_1_108' title='bbox 756 2332 847 2431; x_wconf 89' lang='lat' dir='ltr'><strong><em>apud</em></strong></span> <span class='ocrx_word' id='word_1_109' title='bbox 871 2331 1093 2404; x_wconf 85' lang='lat' dir='ltr'><strong><em>Sabatiarium</em></strong></span> <span class='ocrx_word' id='word_1_110' title='bbox 1122 2357 1224 2402; x_wconf 91' lang='lat' dir='ltr'><strong><em>unam</em></strong></span> <span class='ocrx_word' id='word_1_111' title='bbox 1251 2346 1308 2401; x_wconf 92' lang='lat' dir='ltr'><strong><em>aut</em></strong></span> 
     </span>
     <span class='ocr_line' id='line_1_18' title="bbox 453 2448 1308 2545; baseline -0.009 -21"><span class='ocrx_word' id='word_1_112' title='bbox 453 2453 592 2525; x_wconf 88' lang='lat' dir='ltr'><strong><em>alteram</em></strong></span> <span class='ocrx_word' id='word_1_113' title='bbox 614 2449 788 2521; x_wconf 87' lang='lat' dir='ltr'><strong><em>lectionem</em></strong></span> <span class='ocrx_word' id='word_1_114' title='bbox 809 2463 1008 2545; x_wconf 87' lang='lat' dir='ltr'><strong><em>sequuntur.</em></strong></span> <span class='ocrx_word' id='word_1_115' title='bbox 1025 2448 1231 2518; x_wconf 83' lang='lat' dir='ltr'><strong><em>Postremum</em></strong></span> <span class='ocrx_word' id='word_1_116' title='bbox 1251 2469 1308 2516; x_wconf 82' lang='lat' dir='ltr'><strong><em>ex-</em></strong></span> 
     </span>
     <span class='ocr_line' id='line_1_19' title="bbox 453 2558 1304 2659; baseline -0.013 -20"><span class='ocrx_word' id='word_1_117' title='bbox 453 2568 569 2639; x_wconf 89' lang='lat' dir='ltr'><strong><em>hibent</em></strong></span> <span class='ocrx_word' id='word_1_118' title='bbox 596 2565 774 2637; x_wconf 88' lang='lat' dir='ltr'><strong><em>hebraicus</em></strong></span> <span class='ocrx_word' id='word_1_119' title='bbox 798 2578 925 2649; x_wconf 81' lang='lat' dir='ltr'><strong><em>tentus,</em></strong></span> <span class='ocrx_word' id='word_1_120' title='bbox 945 2561 1094 2634; x_wconf 83' lang='lat' dir='ltr'><strong><em>Onkelos</em></strong></span> <span class='ocrx_word' id='word_1_121' title='bbox 1117 2562 1151 2632; x_wconf 93' lang='lat' dir='ltr'><strong><em>in</em></strong></span> <span class='ocrx_word' id='word_1_122' title='bbox 1177 2558 1304 2659; x_wconf 80' lang='lat' dir='ltr'><strong><em>polygl.</em></strong></span> 
     </span>
     <span class='ocr_line' id='line_1_20' title="bbox 453 2675 1309 2781; baseline -0.012 -25"><span class='ocrx_word' id='word_1_123' title='bbox 453 2701 623 2781; x_wconf 82' lang='lat' dir='ltr'><strong><em>antuerp,</em></strong></span> <span class='ocrx_word' id='word_1_124' title='bbox 641 2679 865 2763; x_wconf 87' lang='lat' dir='ltr'><strong><em>lonathanus,</em></strong></span> <span class='ocrx_word' id='word_1_125' title='bbox 882 2703 1023 2774; x_wconf 78' lang='lat' dir='ltr'><strong><em>graecus</em></strong></span> <span class='ocrx_word' id='word_1_126' title='bbox 1037 2693 1191 2750; x_wconf 83' lang='lat' dir='ltr'><strong><em>venetus.</em></strong></span> <span class='ocrx_word' id='word_1_127' title='bbox 1209 2675 1309 2750; x_wconf 80' lang='grc'>41000</span> 
     </span>
     <span class='ocr_line' id='line_1_21' title="bbox 453 2791 1308 2889; baseline -0.009 -19"><span class='ocrx_word' id='word_1_128' title='bbox 453 2799 538 2870; x_wconf 87' lang='lat' dir='ltr'><strong><em>dont</em></strong></span> <span class='ocrx_word' id='word_1_129' title='bbox 557 2796 646 2867; x_wconf 83' lang='lat' dir='ltr'><strong><em>Beda</em></strong></span> <span class='ocrx_word' id='word_1_130' title='bbox 669 2797 711 2880; x_wconf 96' lang='lat' dir='ltr'><strong><em>ll,</em></strong></span> <span class='ocrx_word' id='word_1_131' title='bbox 733 2796 797 2864; x_wconf 78' lang='lat'><strong><em>271</em></strong></span> <span class='ocrx_word' id='word_1_132' title='bbox 810 2851 833 2878; x_wconf 95' lang='lat'><strong><em>.,</em></strong></span> <span class='ocrx_word' id='word_1_133' title='bbox 851 2792 1046 2878; x_wconf 88' lang='lat' dir='ltr'><strong><em>Guibertus,</em></strong></span> <span class='ocrx_word' id='word_1_134' title='bbox 1064 2792 1231 2889; x_wconf 81' lang='lat' dir='ltr'><strong><em>hupertus</em></strong></span> <span class='ocrx_word' id='word_1_135' title='bbox 1249 2791 1308 2888; x_wconf 93' lang='lat' dir='ltr'><strong><em>qui</em></strong></span> 
     </span>
     <span class='ocr_line' id='line_1_22' title="bbox 454 2909 1308 3007; baseline -0.012 -19"><span class='ocrx_word' id='word_1_136' title='bbox 454 2939 528 2988; x_wconf 90' lang='lat' dir='ltr'><strong><em>oum</em></strong></span> <span class='ocrx_word' id='word_1_137' title='bbox 544 2912 722 2986; x_wconf 83' lang='lat' dir='ltr'><strong><em>Ambrosio</em></strong></span> <span class='ocrx_word' id='word_1_138' title='bbox 739 2910 854 3007; x_wconf 76' lang='lat' dir='ltr'><strong><em>legunt</em></strong></span> <span class='ocrx_word' id='word_1_139' title='bbox 869 2925 998 2980; x_wconf 89' lang='lat' dir='ltr'><strong><em>tantum</em></strong></span> <span class='ocrx_word' id='word_1_140' title='bbox 1012 2935 1157 2981; x_wconf 87' lang='lat' dir='ltr'><strong><em>manum.</em></strong></span> <span class='ocrx_word' id='word_1_141' title='bbox 1175 2909 1308 2980; x_wconf 82' lang='grc'>140040</span> 
     </span>
     <span class='ocr_line' id='line_1_23' title="bbox 456 3025 1310 3130; baseline -0.008 -28"><span class='ocrx_word' id='word_1_142' title='bbox 456 3047 587 3130; x_wconf 86' lang='lat' dir='ltr'><strong><em>recepta</em></strong></span> <span class='ocrx_word' id='word_1_143' title='bbox 609 3028 739 3128; x_wconf 84' lang='lat' dir='ltr'><strong><em>Vulgati</em></strong></span> <span class='ocrx_word' id='word_1_144' title='bbox 766 3027 909 3101; x_wconf 90' lang='lat' dir='ltr'><strong><em>lectione</em></strong></span> <span class='ocrx_word' id='word_1_145' title='bbox 933 3026 1147 3099; x_wconf 89' lang='lat' dir='ltr'><strong><em>consentiunt</em></strong></span> <span class='ocrx_word' id='word_1_146' title='bbox 1168 3025 1310 3098; x_wconf 88' lang='lat' dir='ltr'><strong><em>samari-</em></strong></span> 
     </span>
     <span class='ocr_line' id='line_1_24' title="bbox 381 3139 1309 3242; baseline -0.01 -23"><span class='ocrx_word' id='word_1_147' title='bbox 381 3223 385 3234; x_wconf 68' lang='grc'>,</span> <span class='ocrx_word' id='word_1_148' title='bbox 455 3163 554 3219; x_wconf 87' lang='lat' dir='ltr'><strong><em>tanus</em></strong></span> <span class='ocrx_word' id='word_1_149' title='bbox 578 3144 748 3242; x_wconf 81' lang='lat' dir='ltr'><strong><em>(exceptis</em></strong></span> <span class='ocrx_word' id='word_1_150' title='bbox 775 3143 893 3240; x_wconf 82' lang='lat' dir='ltr'><strong><em>paucis</em></strong></span> <span class='ocrx_word' id='word_1_151' title='bbox 919 3139 1059 3235; x_wconf 83' lang='lat' dir='ltr'><strong><em>codd),</em></strong></span> <span class='ocrx_word' id='word_1_152' title='bbox 1081 3165 1222 3236; x_wconf 83' lang='lat' dir='ltr'><strong><em>graecus</em></strong></span> <span class='ocrx_word' id='word_1_153' title='bbox 1248 3143 1309 3232; x_wconf 83' lang='lat' dir='ltr'><strong><em>(ex</em></strong></span> 
     </span>
     <span class='ocr_line' id='line_1_25' title="bbox 454 3253 1309 3360; baseline -0.006 -28"><span class='ocrx_word' id='word_1_154' title='bbox 454 3287 521 3360; x_wconf 93' lang='lat' dir='ltr'><strong><em>quo</em></strong></span> <span class='ocrx_word' id='word_1_155' title='bbox 544 3261 682 3331; x_wconf 88' lang='lat' dir='ltr'><strong><em>Hieron.</em></strong></span> <span class='ocrx_word' id='word_1_156' title='bbox 699 3256 723 3328; x_wconf 93' lang='lat' dir='ltr'><strong><em>l.</em></strong></span> <span class='ocrx_word' id='word_1_157' title='bbox 740 3261 814 3351; x_wconf 84' lang='grc'>0.),</span> <span class='ocrx_word' id='word_1_158' title='bbox 837 3283 938 3354; x_wconf 82' lang='lat' dir='ltr'><strong><em>syrus</em></strong></span> <span class='ocrx_word' id='word_1_159' title='bbox 960 3270 994 3327; x_wconf 90' lang='lat' dir='ltr'><strong><em>et</em></strong></span> <span class='ocrx_word' id='word_1_160' title='bbox 1015 3253 1165 3328; x_wconf 89' lang='grc'>0040400</span> <span class='ocrx_word' id='word_1_161' title='bbox 1191 3255 1309 3349; x_wconf 85' lang='lat' dir='ltr'><strong><em>(cuius</em></strong></span> 
     </span>
     <span class='ocr_line' id='line_1_26' title="bbox 453 3369 1310 3472; baseline -0.007 -26"><span class='ocrx_word' id='word_1_162' title='bbox 453 3376 559 3449; x_wconf 87' lang='lat' dir='ltr'><strong><em>latina</em></strong></span> <span class='ocrx_word' id='word_1_163' title='bbox 584 3372 813 3472; x_wconf 77' lang='lat' dir='ltr'><strong><em>interpretatio</em></strong></span> <span class='ocrx_word' id='word_1_164' title='bbox 837 3371 960 3444; x_wconf 88' lang='lat' dir='ltr'><strong><em>vitiosa</em></strong></span> <span class='ocrx_word' id='word_1_165' title='bbox 985 3375 1055 3464; x_wconf 86' lang='lat' dir='ltr'><strong><em>est)</em></strong></span> <span class='ocrx_word' id='word_1_166' title='bbox 1083 3371 1116 3442; x_wconf 92' lang='lat' dir='ltr'><strong><em>in</em></strong></span> <span class='ocrx_word' id='word_1_167' title='bbox 1144 3369 1310 3468; x_wconf 74' lang='lat' dir='ltr'><strong><em>polyglot-</em></strong></span> 
     </span>
     <span class='ocr_line' id='line_1_27' title="bbox 455 3483 1309 3575; baseline -0.009 -12"><span class='ocrx_word' id='word_1_168' title='bbox 455 3491 498 3564; x_wconf 88' lang='lat' dir='ltr'><strong><em>tis</em></strong></span> <span class='ocrx_word' id='word_1_169' title='bbox 516 3489 661 3575; x_wconf 91' lang='lat' dir='ltr'><strong><em>londin.;</em></strong></span> <span class='ocrx_word' id='word_1_170' title='bbox 679 3502 759 3560; x_wconf 91' lang='lat' dir='ltr'><strong><em>sunt</em></strong></span> <span class='ocrx_word' id='word_1_171' title='bbox 775 3503 886 3559; x_wconf 89' lang='lat' dir='ltr'><strong><em>tamen</em></strong></span> <span class='ocrx_word' id='word_1_172' title='bbox 902 3483 1065 3560; x_wconf 88' lang='lat' dir='ltr'><strong><em>Onkelosi</em></strong></span> <span class='ocrx_word' id='word_1_173' title='bbox 1081 3485 1216 3558; x_wconf 87' lang='lat' dir='ltr'><strong><em>codices</em></strong></span> <span class='ocrx_word' id='word_1_174' title='bbox 1233 3510 1309 3556; x_wconf 87' lang='lat' dir='ltr'><strong><em>num</em></strong></span> 
     </span>
     <span class='ocr_line' id='line_1_28' title="bbox 456 3603 812 3678; baseline -0.008 -3"><span class='ocrx_word' id='word_1_175' title='bbox 456 3606 614 3678; x_wconf 87' lang='lat' dir='ltr'><strong><em>hebraico</em></strong></span> <span class='ocrx_word' id='word_1_176' title='bbox 637 3603 812 3676; x_wconf 78' lang='lat' dir='ltr'><strong><em>iacientes.</em></strong></span> 
     </span>
    </p>

    <p class='ocr_par' dir='ltr' id='par_1_7' title="bbox 458 3716 1313 4392">
     <span class='ocr_line' id='line_1_29' title="bbox 507 3716 1308 3800; baseline -0.004 -9"><span class='ocrx_word' id='word_1_177' title='bbox 507 3723 540 3791; x_wconf 86' lang='grc'><strong><em>5.</em></strong></span> <span class='ocrx_word' id='word_1_178' title='bbox 563 3721 718 3791; x_wconf 82' lang='lat' dir='ltr'><strong><em>Surreae&#39;t</em></strong></span> <span class='ocrx_word' id='word_1_179' title='bbox 735 3718 1033 3789; x_wconf 81' lang='lat' dir='ltr'><strong><em>autern-Tacent</em></strong></span> <span class='ocrx_word' id='word_1_180' title='bbox 1049 3732 1156 3788; x_wconf 88' lang='lat' dir='ltr'><strong><em>autem</em></strong></span> <span class='ocrx_word' id='word_1_181' title='bbox 1175 3716 1308 3800; x_wconf 80' lang='lat' dir='ltr'><strong><em>sintini,</em></strong></span> 
     </span>
     <span class='ocr_line' id='line_1_30' title="bbox 458 3830 1309 3920; baseline -0.006 -13"><span class='ocrx_word' id='word_1_182' title='bbox 458 3835 557 3908; x_wconf 91' lang='lat' dir='ltr'><strong><em>codd.</em></strong></span> <span class='ocrx_word' id='word_1_183' title='bbox 575 3835 619 3915; x_wconf 86' lang='grc' dir='ltr'>Α,</span> <span class='ocrx_word' id='word_1_184' title='bbox 637 3835 674 3920; x_wconf 90' lang='lat' dir='ltr'><strong><em>B,</em></strong></span> <span class='ocrx_word' id='word_1_185' title='bbox 690 3832 733 3920; x_wconf 84' lang='lat' dir='ltr'><strong><em>C,</em></strong></span> <span class='ocrx_word' id='word_1_186' title='bbox 749 3832 791 3918; x_wconf 87' lang='lat' dir='ltr'><strong><em>D,</em></strong></span> <span class='ocrx_word' id='word_1_187' title='bbox 809 3831 854 3918; x_wconf 93' lang='lat' dir='ltr'><strong><em>E,</em></strong></span> <span class='ocrx_word' id='word_1_188' title='bbox 873 3833 908 3918; x_wconf 89' lang='lat' dir='ltr'><strong><em>F,</em></strong></span> <span class='ocrx_word' id='word_1_189' title='bbox 927 3830 964 3916; x_wconf 90' lang='lat' dir='ltr'><strong><em>G,</em></strong></span> <span class='ocrx_word' id='word_1_190' title='bbox 982 3833 1026 3916; x_wconf 85' lang='lat' dir='ltr'><strong><em>ll,</em></strong></span> <span class='ocrx_word' id='word_1_191' title='bbox 1043 3832 1080 3914; x_wconf 87' lang='lat' dir='ltr'><strong><em>T,</em></strong></span> <span class='ocrx_word' id='word_1_192' title='bbox 1098 3833 1138 3917; x_wconf 92' lang='lat' dir='ltr'><strong><em>U,</em></strong></span> <span class='ocrx_word' id='word_1_193' title='bbox 1155 3832 1192 3917; x_wconf 92' lang='lat' dir='ltr'><strong><em>V,</em></strong></span> <span class='ocrx_word' id='word_1_194' title='bbox 1209 3831 1309 3904; x_wconf 88' lang='lat' dir='ltr'><strong><em>codd.</em></strong></span> 
     </span>
     <span class='ocr_line' id='line_1_31' title="bbox 459 3945 1309 4042; baseline -0.006 -19"><span class='ocrx_word' id='word_1_195' title='bbox 459 3951 618 4023; x_wconf 85' lang='lat' dir='ltr'><strong><em>Thomas.</em></strong></span> <span class='ocrx_word' id='word_1_196' title='bbox 637 3950 663 4036; x_wconf 98' lang='lat' dir='ltr'><strong><em>l,</em></strong></span> <span class='ocrx_word' id='word_1_197' title='bbox 682 3951 733 4034; x_wconf 94' lang='grc'><strong><em>9.,</em></strong></span> <span class='ocrx_word' id='word_1_198' title='bbox 750 3946 836 4019; x_wconf 87' lang='lat' dir='ltr'><strong><em>Eibl.</em></strong></span> <span class='ocrx_word' id='word_1_199' title='bbox 855 3945 955 4033; x_wconf 88' lang='lat' dir='ltr'><strong><em>Ord,</em></strong></span> <span class='ocrx_word' id='word_1_200' title='bbox 971 3948 1070 4042; x_wconf 80' lang='lat' dir='ltr'><strong><em>lleg.,</em></strong></span> <span class='ocrx_word' id='word_1_201' title='bbox 1084 3947 1166 4018; x_wconf 88' lang='lat' dir='ltr'><strong><em>Ven.</em></strong></span> <span class='ocrx_word' id='word_1_202' title='bbox 1184 3949 1309 4030; x_wconf 89' lang='grc'>1475,</span> 
     </span>
     <span class='ocr_line' id='line_1_32' title="bbox 461 4060 1309 4165; baseline -0.004 -28"><span class='ocrx_word' id='word_1_203' title='bbox 461 4066 588 4165; x_wconf 87' lang='lat' dir='ltr'><strong><em>priores</em></strong></span> <span class='ocrx_word' id='word_1_204' title='bbox 602 4060 916 4161; x_wconf 86' lang='lat' dir='ltr'><strong><em>edd.Rob.Steph.,</em></strong></span> <span class='ocrx_word' id='word_1_205' title='bbox 929 4060 1309 4147; x_wconf 85' lang='lat' dir='ltr'><strong><em>all.,Brev.Goth.l.c.,</em></strong></span> 
     </span>
     <span class='ocr_line' id='line_1_33' title="bbox 460 4174 1310 4274; baseline -0.004 -22"><span class='ocrx_word' id='word_1_206' title='bbox 460 4179 666 4264; x_wconf 87' lang='lat' dir='ltr'><strong><em>Eucherius,</em></strong></span> <span class='ocrx_word' id='word_1_207' title='bbox 690 4176 870 4260; x_wconf 83' lang='lat' dir='ltr'><strong><em>Rabanus,</em></strong></span> <span class='ocrx_word' id='word_1_208' title='bbox 898 4174 1096 4262; x_wconf 85' lang='lat' dir='ltr'><strong><em>Guibertus,</em></strong></span> <span class='ocrx_word' id='word_1_209' title='bbox 1121 4177 1310 4274; x_wconf 82' lang='lat' dir='ltr'><strong><em>hupertus;</em></strong></span> 
     </span>
     <span class='ocr_line' id='line_1_34' title="bbox 460 4291 1313 4392; baseline -0.008 -23"><span class='ocrx_word' id='word_1_210' title='bbox 460 4296 534 4368; x_wconf 91' lang='lat' dir='ltr'><strong><em>cod.</em></strong></span> <span class='ocrx_word' id='word_1_211' title='bbox 554 4296 575 4365; x_wconf 89' lang='lat' dir='ltr'>S</span> <span class='ocrx_word' id='word_1_212' title='bbox 598 4293 679 4390; x_wconf 80' lang='lat' dir='ltr'><strong><em>legit</em></strong></span> <span class='ocrx_word' id='word_1_213' title='bbox 699 4293 855 4364; x_wconf 81' lang='lat' dir='ltr'><strong><em>Sarreait</em></strong></span> <span class='ocrx_word' id='word_1_214' title='bbox 881 4294 1002 4389; x_wconf 78' lang='lat' dir='ltr'><strong><em>itaque.</em></strong></span> <span class='ocrx_word' id='word_1_215' title='bbox 1020 4291 1095 4364; x_wconf 83' lang='lat' dir='ltr'><strong><em>Mon</em></strong></span> <span class='ocrx_word' id='word_1_216' title='bbox 1120 4307 1198 4392; x_wconf 92' lang='lat' dir='ltr'><strong><em>post</em></strong></span> <span class='ocrx_word' id='word_1_217' title='bbox 1215 4291 1313 4362; x_wconf 82' lang='lat' dir='ltr'><strong><em>Iacob</em></strong></span> 
     </span>
    </p>
   </div>
   <div class='ocr_carea' id='block_1_4' title="bbox 460 4405 1321 5891">
    <p class='ocr_par' dir='ltr' id='par_1_8' title="bbox 461 4405 1311 4624">
     <span class='ocr_line' id='line_1_35' title="bbox 461 4405 1311 4504; baseline -0.011 -19"><span class='ocrx_word' id='word_1_218' title='bbox 461 4411 591 4485; x_wconf 88' lang='lat' dir='ltr'><strong><em>addunt</em></strong></span> <span class='ocrx_word' id='word_1_219' title='bbox 612 4437 706 4482; x_wconf 86' lang='lat' dir='ltr'><strong><em>mane</em></strong></span> <span class='ocrx_word' id='word_1_220' title='bbox 731 4408 1186 4492; x_wconf 77' lang='grc'>8444440014751485,</span> <span class='ocrx_word' id='word_1_221' title='bbox 1205 4405 1311 4504; x_wconf 81' lang='lat' dir='ltr'><strong><em>Lugd.</em></strong></span> 
     </span>
     <span class='ocr_line' id='line_1_36' title="bbox 462 4524 1164 4624; baseline -0.004 -26"><span class='ocrx_word' id='word_1_222' title='bbox 462 4530 585 4612; x_wconf 78' lang='grc'>1515,</span> <span class='ocrx_word' id='word_1_223' title='bbox 603 4525 685 4598; x_wconf 84' lang='lat' dir='ltr'><strong><em>Eob.</em></strong></span> <span class='ocrx_word' id='word_1_224' title='bbox 705 4525 820 4624; x_wconf 90' lang='lat' dir='ltr'><strong><em>Stepb.</em></strong></span> <span class='ocrx_word' id='word_1_225' title='bbox 839 4527 947 4596; x_wconf 89' lang='grc'>1549.</span> <span class='ocrx_word' id='word_1_226' title='bbox 965 4527 1090 4610; x_wconf 85' lang='grc'>1545,</span> <span class='ocrx_word' id='word_1_227' title='bbox 1107 4524 1164 4596; x_wconf 89' lang='grc'>044.</span> 
     </span>
    </p>

    <p class='ocr_par' dir='ltr' id='par_1_9' title="bbox 461 4640 1318 5206">
     <span class='ocr_line' id='line_1_37' title="bbox 512 4640 1311 4741; baseline -0.003 -29"><span class='ocrx_word' id='word_1_228' title='bbox 512 4641 598 4713; x_wconf 93' lang='lat' dir='ltr'><strong><em>lbid.</em></strong></span> <span class='ocrx_word' id='word_1_229' title='bbox 621 4640 892 4741; x_wconf 62' lang='lat' dir='ltr'><strong><em>filit-Codes,</em></strong></span> <span class='ocrx_word' id='word_1_230' title='bbox 910 4643 933 4710; x_wconf 85' lang='lat' dir='ltr'>V</span> <span class='ocrx_word' id='word_1_231' title='bbox 953 4640 1083 4714; x_wconf 91' lang='lat' dir='ltr'><strong><em>addunt</em></strong></span> <span class='ocrx_word' id='word_1_232' title='bbox 1100 4642 1168 4726; x_wconf 85' lang='lat' dir='ltr'><strong><em>sat&#39;,</em></strong></span> <span class='ocrx_word' id='word_1_233' title='bbox 1186 4657 1223 4713; x_wconf 92' lang='lat' dir='ltr'><strong><em>ut</em></strong></span> <span class='ocrx_word' id='word_1_234' title='bbox 1237 4641 1311 4714; x_wconf 90' lang='lat' dir='ltr'><strong><em>cod.</em></strong></span> 
     </span>
     <span class='ocr_line' id='line_1_38' title="bbox 462 4756 1318 4842; baseline -0.002 -12"><span class='ocrx_word' id='word_1_235' title='bbox 462 4762 546 4830; x_wconf 88' lang='grc'>195</span> <span class='ocrx_word' id='word_1_236' title='bbox 573 4757 823 4842; x_wconf 86' lang='lat' dir='ltr'><strong><em>holmesianus;</em></strong></span> <span class='ocrx_word' id='word_1_237' title='bbox 850 4756 945 4828; x_wconf 91' lang='lat' dir='ltr'><strong><em>bebr.</em></strong></span> <span class='ocrx_word' id='word_1_238' title='bbox 968 4772 1001 4829; x_wconf 90' lang='lat' dir='ltr'><strong><em>et</em></strong></span> <span class='ocrx_word' id='word_1_239' title='bbox 1030 4773 1160 4830; x_wconf 86' lang='lat' dir='ltr'><strong><em>veteres</em></strong></span> <span class='ocrx_word' id='word_1_240' title='bbox 1192 4756 1318 4828; x_wconf 85' lang='lat' dir='ltr'><strong><em>babent</em></strong></span> 
     </span>
     <span class='ocr_line' id='line_1_39' title="bbox 461 4870 1314 4972; baseline -0.006 -27"><span class='ocrx_word' id='word_1_241' title='bbox 461 4875 526 4972; x_wconf 77' lang='grc'>[1444</span> <span class='ocrx_word' id='word_1_242' title='bbox 548 4873 665 4944; x_wconf 86' lang='lat' dir='ltr'><strong><em>Israel.</em></strong></span> <span class='ocrx_word' id='word_1_243' title='bbox 688 4872 767 4943; x_wconf 91' lang='lat' dir='ltr'><strong><em>Post</em></strong></span> <span class='ocrx_word' id='word_1_244' title='bbox 791 4871 969 4954; x_wconf 81' lang='grc'>00044400,</span> <span class='ocrx_word' id='word_1_245' title='bbox 991 4872 1086 4943; x_wconf 88' lang='lat' dir='ltr'><strong><em>Brev.</em></strong></span> <span class='ocrx_word' id='word_1_246' title='bbox 1104 4870 1203 4944; x_wconf 88' lang='lat' dir='ltr'><strong><em>Goth.</em></strong></span> <span class='ocrx_word' id='word_1_247' title='bbox 1220 4870 1243 4941; x_wconf 94' lang='lat' dir='ltr'><strong><em>l.</em></strong></span> <span class='ocrx_word' id='word_1_248' title='bbox 1262 4896 1314 4956; x_wconf 90' lang='grc'><strong><em>0.,</em></strong></span> 
     </span>
     <span class='ocr_line' id='line_1_40' title="bbox 463 4985 1317 5072; baseline -0.004 -13"><span class='ocrx_word' id='word_1_249' title='bbox 463 4987 642 5060; x_wconf 86' lang='lat' dir='ltr'><strong><em>Guibertos</em></strong></span> <span class='ocrx_word' id='word_1_250' title='bbox 667 5002 777 5058; x_wconf 90' lang='grc'>400004</span> <span class='ocrx_word' id='word_1_251' title='bbox 807 4987 889 5057; x_wconf 80' lang='lat' dir='ltr'><strong><em>sais.</em></strong></span> <span class='ocrx_word' id='word_1_252' title='bbox 917 4987 981 5058; x_wconf 89' lang='lat' dir='ltr'><strong><em>Pro</em></strong></span> <span class='ocrx_word' id='word_1_253' title='bbox 1010 4987 1163 5072; x_wconf 78' lang='lat' dir='ltr'><strong><em>miserat,</em></strong></span> <span class='ocrx_word' id='word_1_254' title='bbox 1188 4985 1317 5059; x_wconf 86' lang='lat' dir='ltr'><strong><em>ondl)</em></strong></span> 
     </span>
     <span class='ocr_line' id='line_1_41' title="bbox 464 5089 799 5206; baseline -0.018 -34"><span class='ocrx_word' id='word_1_255' title='bbox 464 5104 571 5185; x_wconf 81' lang='grc'>044044,-</span> <span class='ocrx_word' id='word_1_256' title='bbox 589 5098 684 5172; x_wconf 88' lang='lat' dir='ltr'><strong><em>hebr.</em></strong></span> <span class='ocrx_word' id='word_1_257' title='bbox 707 5089 799 5206; x_wconf 65' lang='lat' dir='ltr'><strong><em>ttbtp.</em></strong></span> 
     </span>
    </p>

    <p class='ocr_par' dir='ltr' id='par_1_10' title="bbox 460 5216 1320 5660">
     <span class='ocr_line' id='line_1_42' title="bbox 513 5216 1316 5314; baseline 0 -26"><span class='ocrx_word' id='word_1_258' title='bbox 513 5219 547 5288; x_wconf 89' lang='grc'>5</span> <span class='ocrx_word' id='word_1_259' title='bbox 573 5216 942 5314; x_wconf 82' lang='lat' dir='ltr'><strong><em>possederat--Codd</em></strong></span> <span class='ocrx_word' id='word_1_260' title='bbox 965 5217 1010 5302; x_wconf 92' lang='lat' dir='ltr'><strong><em>E,</em></strong></span> <span class='ocrx_word' id='word_1_261' title='bbox 1033 5217 1061 5287; x_wconf 88' lang='lat' dir='ltr'>H</span> <span class='ocrx_word' id='word_1_262' title='bbox 1084 5217 1316 5314; x_wconf 81' lang='lat' dir='ltr'><strong><em>possederant,-</em></strong></span> 
     </span>
     <span class='ocr_line' id='line_1_43' title="bbox 464 5331 1320 5430; baseline -0.004 -24"><span class='ocrx_word' id='word_1_263' title='bbox 464 5332 629 5406; x_wconf 87' lang='lat' dir='ltr'><strong><em>accedunt</em></strong></span> <span class='ocrx_word' id='word_1_264' title='bbox 650 5333 744 5406; x_wconf 88' lang='lat' dir='ltr'><strong><em>hebr.</em></strong></span> <span class='ocrx_word' id='word_1_265' title='bbox 763 5349 795 5404; x_wconf 90' lang='lat' dir='ltr'><strong><em>et</em></strong></span> <span class='ocrx_word' id='word_1_266' title='bbox 814 5347 944 5404; x_wconf 82' lang='lat' dir='ltr'><strong><em>vetares</em></strong></span> <span class='ocrx_word' id='word_1_267' title='bbox 966 5331 1175 5430; x_wconf 81' lang='lat' dir='ltr'><strong><em>interpretes.</em></strong></span> <span class='ocrx_word' id='word_1_268' title='bbox 1192 5331 1320 5404; x_wconf 64' lang='lat' dir='ltr'><strong><em>coda</em></strong></span> 
     </span>
     <span class='ocr_line' id='line_1_44' title="bbox 460 5447 1316 5546; baseline -0.002 -26"><span class='ocrx_word' id='word_1_269' title='bbox 460 5447 667 5546; x_wconf 76' lang='lat' dir='ltr'><strong><em>possidebat,·</em></strong></span> <span class='ocrx_word' id='word_1_270' title='bbox 687 5448 763 5520; x_wconf 91' lang='lat' dir='ltr'><strong><em>cod.</em></strong></span> <span class='ocrx_word' id='word_1_271' title='bbox 788 5449 833 5532; x_wconf 92' lang='lat' dir='ltr'><strong><em>T,</em></strong></span> <span class='ocrx_word' id='word_1_272' title='bbox 858 5447 944 5519; x_wconf 88' lang='lat' dir='ltr'><strong><em>Eibl.</em></strong></span> <span class='ocrx_word' id='word_1_273' title='bbox 969 5448 1057 5520; x_wconf 84' lang='lat' dir='ltr'><strong><em>Brix.</em></strong></span> <span class='ocrx_word' id='word_1_274' title='bbox 1084 5450 1214 5534; x_wconf 91' lang='grc'>1495,</span> <span class='ocrx_word' id='word_1_275' title='bbox 1234 5448 1316 5522; x_wconf 87' lang='lat' dir='ltr'><strong><em>Ven.</em></strong></span> 
     </span>
     <span class='ocr_line' id='line_1_45' title="bbox 466 5561 881 5660; baseline 0 -27"><span class='ocrx_word' id='word_1_276' title='bbox 466 5565 591 5648; x_wconf 79' lang='grc'>1497,</span> <span class='ocrx_word' id='word_1_277' title='bbox 607 5563 665 5635; x_wconf 87' lang='grc'>044.</span> <span class='ocrx_word' id='word_1_278' title='bbox 682 5561 881 5660; x_wconf 79' lang='lat' dir='ltr'><strong><em>possiderat.</em></strong></span> 
     </span>
    </p>

    <p class='ocr_par' dir='ltr' id='par_1_11' title="bbox 468 5678 1321 5891">
     <span class='ocr_line' id='line_1_46' title="bbox 516 5678 1316 5778; baseline 0.008 -30"><span class='ocrx_word' id='word_1_279' title='bbox 516 5683 549 5750; x_wconf 95' lang='grc'><strong><em>7.</em></strong></span> <span class='ocrx_word' id='word_1_280' title='bbox 570 5678 828 5778; x_wconf 74' lang='lat' dir='ltr'><strong><em>filiae-Godh</em></strong></span> <span class='ocrx_word' id='word_1_281' title='bbox 844 5694 876 5750; x_wconf 90' lang='lat' dir='ltr'><strong><em>et</em></strong></span> <span class='ocrx_word' id='word_1_282' title='bbox 888 5679 996 5778; x_wconf 72' lang='lat' dir='ltr'><strong><em>fileae,</em></strong></span> <span class='ocrx_word' id='word_1_283' title='bbox 1008 5681 1191 5753; x_wconf 85' lang='lat' dir='ltr'><strong><em>concinunt</em></strong></span> <span class='ocrx_word' id='word_1_284' title='bbox 1203 5678 1316 5766; x_wconf 88' lang='lat' dir='ltr'><strong><em>arabs,</em></strong></span> 
     </span>
     <span class='ocr_line' id='line_1_47' title="bbox 468 5793 1321 5891; baseline 0.002 -25"><span class='ocrx_word' id='word_1_285' title='bbox 468 5795 598 5868; x_wconf 83' lang='lat' dir='ltr'><strong><em>slavon.</em></strong></span> <span class='ocrx_word' id='word_1_286' title='bbox 616 5810 742 5891; x_wconf 77' lang='lat' dir='ltr'><strong><em>ostrog.</em></strong></span> <span class='ocrx_word' id='word_1_287' title='bbox 757 5809 796 5867; x_wconf 87' lang='lat' dir='ltr'><strong><em>et</em></strong></span> <span class='ocrx_word' id='word_1_288' title='bbox 808 5793 875 5869; x_wconf 91' lang='lat' dir='ltr'><strong><em>duo</em></strong></span> <span class='ocrx_word' id='word_1_289' title='bbox 892 5795 1027 5869; x_wconf 87' lang='lat' dir='ltr'><strong><em>codices</em></strong></span> <span class='ocrx_word' id='word_1_290' title='bbox 1044 5796 1186 5870; x_wconf 88' lang='lat' dir='ltr'><strong><em>holmus.</em></strong></span> <span class='ocrx_word' id='word_1_291' title='bbox 1203 5795 1321 5870; x_wconf 86' lang='lat' dir='ltr'><strong><em>Latina</em></strong></span> 
     </span>
    </p>
   </div>
   <div class='ocr_carea' id='block_1_5' title="bbox 1124 455 1550 530">
    <p class='ocr_par' dir='ltr' id='par_1_12' title="bbox 1124 455 1550 530">
     <span class='ocr_line' id='line_1_48' title="bbox 1124 455 1550 530; baseline -0.005 0"><span class='ocrx_word' id='word_1_292' title='bbox 1124 457 1300 530; x_wconf 87' lang='lat' dir='ltr'><strong><em>GENESlS</em></strong></span> <span class='ocrx_word' id='word_1_293' title='bbox 1325 455 1419 529; x_wconf 76' lang='grc'>(4414.</span> <span class='ocrx_word' id='word_1_294' title='bbox 1442 455 1550 528; x_wconf 84' lang='lat' dir='ltr'><strong><em>XLVI.</em></strong></span> 
     </span>
    </p>
   </div>
   <div class='ocr_carea' id='block_1_6' title="bbox 1379 605 2236 1050">
    <p class='ocr_par' dir='ltr' id='par_1_13' title="bbox 1379 605 2233 818">
     <span class='ocr_line' id='line_1_49' title="bbox 1379 605 2233 706; baseline 0.002 -28"><span class='ocrx_word' id='word_1_295' title='bbox 1379 607 1490 680; x_wconf 86' lang='lat' dir='ltr'><strong><em>versio</em></strong></span> <span class='ocrx_word' id='word_1_296' title='bbox 1507 605 1670 680; x_wconf 84' lang='lat' dir='ltr'><strong><em>Onkelosi</em></strong></span> <span class='ocrx_word' id='word_1_297' title='bbox 1692 606 1855 680; x_wconf 85' lang='lat' dir='ltr'><strong><em>mendose</em></strong></span> <span class='ocrx_word' id='word_1_298' title='bbox 1871 606 1967 681; x_wconf 91' lang='lat' dir='ltr'><strong><em>addit</em></strong></span> <span class='ocrx_word' id='word_1_299' title='bbox 1983 605 2153 706; x_wconf 87' lang='lat' dir='ltr'><strong><em>copulam.</em></strong></span> <span class='ocrx_word' id='word_1_300' title='bbox 2171 608 2233 680; x_wconf 84' lang='lat' dir='ltr'><strong><em>Pro</em></strong></span> 
     </span>
     <span class='ocr_line' id='line_1_50' title="bbox 1379 721 1978 818; baseline -0.003 -24"><span class='ocrx_word' id='word_1_301' title='bbox 1379 736 1410 795; x_wconf 89' lang='lat' dir='ltr'><strong><em>et</em></strong></span> <span class='ocrx_word' id='word_1_302' title='bbox 1431 737 1564 806; x_wconf 86' lang='lat' dir='ltr'><strong><em>cuncta,</em></strong></span> <span class='ocrx_word' id='word_1_303' title='bbox 1581 721 1770 794; x_wconf 83' lang='lat' dir='ltr'><strong><em>Eucherius</em></strong></span> <span class='ocrx_word' id='word_1_304' title='bbox 1791 737 1978 818; x_wconf 76' lang='lat' dir='ltr'><strong><em>cunctoque.</em></strong></span> 
     </span>
    </p>

    <p class='ocr_par' dir='ltr' id='par_1_14' title="bbox 1383 836 2236 1050">
     <span class='ocr_line' id='line_1_51' title="bbox 1430 836 2236 934; baseline 0 -26"><span class='ocrx_word' id='word_1_305' title='bbox 1430 840 1465 908; x_wconf 83' lang='lat'><strong><em>8.</em></strong></span> <span class='ocrx_word' id='word_1_306' title='bbox 1486 839 1555 934; x_wconf 79' lang='lat' dir='ltr'><strong><em>epse</em></strong></span> <span class='ocrx_word' id='word_1_307' title='bbox 1580 836 1825 909; x_wconf 77' lang='lat' dir='ltr'><strong><em>cum--Codd</em></strong></span> <span class='ocrx_word' id='word_1_308' title='bbox 1841 837 1886 922; x_wconf 84' lang='grc' dir='ltr'>Α,</span> <span class='ocrx_word' id='word_1_309' title='bbox 1902 839 1939 922; x_wconf 85' lang='grc' dir='ltr'>Β,</span> <span class='ocrx_word' id='word_1_310' title='bbox 1959 838 1983 908; x_wconf 89' lang='lat' dir='ltr'><strong><em>E</em></strong></span> <span class='ocrx_word' id='word_1_311' title='bbox 2006 839 2073 932; x_wconf 76' lang='lat' dir='ltr'><strong><em>apsi</em></strong></span> <span class='ocrx_word' id='word_1_312' title='bbox 2094 863 2186 922; x_wconf 76' lang='lat' dir='ltr'><strong><em>cum,</em></strong></span> <span class='ocrx_word' id='word_1_313' title='bbox 2202 853 2236 908; x_wconf 89' lang='lat' dir='ltr'><strong><em>at</em></strong></span> 
     </span>
     <span class='ocr_line' id='line_1_52' title="bbox 1383 951 2121 1050; baseline 0 -26"><span class='ocrx_word' id='word_1_314' title='bbox 1383 951 1477 1025; x_wconf 89' lang='lat' dir='ltr'><strong><em>hebr.</em></strong></span> <span class='ocrx_word' id='word_1_315' title='bbox 1496 969 1529 1026; x_wconf 90' lang='grc'><strong><em>04</em></strong></span> <span class='ocrx_word' id='word_1_316' title='bbox 1547 970 1679 1026; x_wconf 83' lang='lat' dir='ltr'><strong><em>veteres</em></strong></span> <span class='ocrx_word' id='word_1_317' title='bbox 1700 952 1896 1050; x_wconf 89' lang='lat' dir='ltr'><strong><em>interpretes</em></strong></span> <span class='ocrx_word' id='word_1_318' title='bbox 1916 953 2015 1024; x_wconf 84' lang='lat' dir='ltr'><strong><em>Iacob</em></strong></span> <span class='ocrx_word' id='word_1_319' title='bbox 2037 979 2121 1024; x_wconf 89' lang='lat' dir='ltr'><strong><em>cum.</em></strong></span> 
     </span>
    </p>
   </div>
   <div class='ocr_carea' id='block_1_7' title="bbox 1366 1067 2236 1166">
    <p class='ocr_par' dir='ltr' id='par_1_15' title="bbox 1366 1067 2236 1166">
     <span class='ocr_line' id='line_1_53' title="bbox 1366 1067 2236 1166; baseline 0 -28"><span class='ocrx_word' id='word_1_320' title='bbox 1366 1112 1371 1119; x_wconf 93' lang='lat'>·</span> <span class='ocrx_word' id='word_1_321' title='bbox 1430 1072 1464 1140; x_wconf 89' lang='grc'><strong><em>9.</em></strong></span> <span class='ocrx_word' id='word_1_322' title='bbox 1486 1069 1741 1141; x_wconf 80' lang='lat' dir='ltr'><strong><em>Henoclr-De</em></strong></span> <span class='ocrx_word' id='word_1_323' title='bbox 1764 1069 1829 1152; x_wconf 88' lang='lat' dir='ltr'><strong><em>iis,</em></strong></span> <span class='ocrx_word' id='word_1_324' title='bbox 1858 1068 1916 1166; x_wconf 89' lang='lat' dir='ltr'><strong><em>qui</em></strong></span> <span class='ocrx_word' id='word_1_325' title='bbox 1944 1068 2096 1142; x_wconf 89' lang='lat' dir='ltr'><strong><em>scribunt</em></strong></span> <span class='ocrx_word' id='word_1_326' title='bbox 2120 1067 2236 1138; x_wconf 79' lang='lat' dir='ltr'><strong><em>Enoch</em></strong></span> 
     </span>
    </p>
   </div>
   <div class='ocr_carea' id='block_1_8' title="bbox 1380 1182 1893 1267">
    <p class='ocr_par' dir='ltr' id='par_1_16' title="bbox 1380 1182 1893 1267">
     <span class='ocr_line' id='line_1_54' title="bbox 1380 1182 1893 1267; baseline -0.008 -10"><span class='ocrx_word' id='word_1_327' title='bbox 1380 1182 1468 1257; x_wconf 88' lang='grc'>0004.</span> <span class='ocrx_word' id='word_1_328' title='bbox 1485 1184 1577 1256; x_wconf 89' lang='lat' dir='ltr'><strong><em>dicta</em></strong></span> <span class='ocrx_word' id='word_1_329' title='bbox 1595 1184 1638 1255; x_wconf 89' lang='lat' dir='ltr'><strong><em>ad</em></strong></span> <span class='ocrx_word' id='word_1_330' title='bbox 1662 1184 1744 1256; x_wconf 91' lang='lat' dir='ltr'><strong><em>Gen.</em></strong></span> <span class='ocrx_word' id='word_1_331' title='bbox 1763 1184 1815 1267; x_wconf 93' lang='lat' dir='ltr'><strong><em>lV,</em></strong></span> <span class='ocrx_word' id='word_1_332' title='bbox 1834 1185 1893 1253; x_wconf 95' lang='grc'><strong><em>17.</em></strong></span> 
     </span>
    </p>
   </div>
   <div class='ocr_carea' id='block_1_9' title="bbox 1429 1297 2366 1398">
    <p class='ocr_par' dir='ltr' id='par_1_17' title="bbox 1429 1297 2366 1398">
     <span class='ocr_line' id='line_1_55' title="bbox 1429 1297 2366 1398; baseline 0.001 -30"><span class='ocrx_word' id='word_1_333' title='bbox 1429 1299 1516 1371; x_wconf 91' lang='lat' dir='ltr'><strong><em>lbid.</em></strong></span> <span class='ocrx_word' id='word_1_334' title='bbox 1538 1300 1765 1372; x_wconf 88' lang='lat' dir='ltr'><strong><em>Hesroa-lta</em></strong></span> <span class='ocrx_word' id='word_1_335' title='bbox 1781 1298 1979 1398; x_wconf 88' lang='lat' dir='ltr'><strong><em>plerumque</em></strong></span> <span class='ocrx_word' id='word_1_336' title='bbox 1993 1297 2155 1394; x_wconf 78' lang='lat' dir='ltr'><strong><em>Vulgatus</em></strong></span> <span class='ocrx_word' id='word_1_337' title='bbox 2171 1297 2236 1370; x_wconf 93' lang='lat' dir='ltr'><strong><em>hoc</em></strong></span> <span class='ocrx_word' id='word_1_338' title='bbox 2365 1375 2366 1378; x_wconf 47' lang='lat'><strong><em>,</em></strong></span> 
     </span>
    </p>
   </div>
   <div class='ocr_carea' id='block_1_10' title="bbox 1381 1412 2238 1501">
    <p class='ocr_par' dir='ltr' id='par_1_18' title="bbox 1381 1412 2238 1501">
     <span class='ocr_line' id='line_1_56' title="bbox 1381 1412 2238 1501; baseline -0.004 -14"><span class='ocrx_word' id='word_1_339' title='bbox 1381 1440 1502 1487; x_wconf 90' lang='lat' dir='ltr'><strong><em>nomen</em></strong></span> <span class='ocrx_word' id='word_1_340' title='bbox 1528 1415 1640 1501; x_wconf 79' lang='lat' dir='ltr'><strong><em>ellert3</em></strong></span> <span class='ocrx_word' id='word_1_341' title='bbox 1661 1431 1696 1486; x_wconf 88' lang='lat' dir='ltr'><strong><em>at</em></strong></span> <span class='ocrx_word' id='word_1_342' title='bbox 1718 1414 1832 1486; x_wconf 90' lang='lat' dir='ltr'><strong><em>minus</em></strong></span> <span class='ocrx_word' id='word_1_343' title='bbox 1856 1431 1944 1486; x_wconf 87' lang='lat' dir='ltr'><strong><em>recte</em></strong></span> <span class='ocrx_word' id='word_1_344' title='bbox 1969 1412 2123 1486; x_wconf 81' lang='lat' dir='ltr'><strong><em>nonnulli</em></strong></span> <span class='ocrx_word' id='word_1_345' title='bbox 2150 1414 2238 1486; x_wconf 88' lang='lat' dir='ltr'><strong><em>seri·</em></strong></span> 
     </span>
    </p>
   </div>
   <div class='ocr_carea' id='block_1_11' title="bbox 1381 1504 2366 1624">
    <p class='ocr_par' dir='ltr' id='par_1_19' title="bbox 1381 1504 2366 1624">
     <span class='ocr_line' id='line_1_57' title="bbox 1381 1504 2366 1624; baseline -0.004 -22"><span class='ocrx_word' id='word_1_346' title='bbox 1381 1531 1465 1603; x_wconf 91' lang='lat' dir='ltr'><strong><em>bunt</em></strong></span> <span class='ocrx_word' id='word_1_347' title='bbox 1481 1531 1605 1613; x_wconf 84' lang='lat' dir='ltr'><strong><em>Esron,</em></strong></span> <span class='ocrx_word' id='word_1_348' title='bbox 1622 1546 1654 1602; x_wconf 93' lang='grc'><strong><em>04</em></strong></span> <span class='ocrx_word' id='word_1_349' title='bbox 1671 1533 1718 1602; x_wconf 87' lang='grc'><strong><em>440</em></strong></span> <span class='ocrx_word' id='word_1_350' title='bbox 1738 1529 1840 1602; x_wconf 86' lang='lat' dir='ltr'><strong><em>habet</em></strong></span> <span class='ocrx_word' id='word_1_351' title='bbox 1856 1527 2016 1624; x_wconf 84' lang='lat' dir='ltr'><strong><em>Vulgatus</em></strong></span> <span class='ocrx_word' id='word_1_352' title='bbox 2036 1529 2102 1602; x_wconf 91' lang='lat' dir='ltr'><strong><em>los.</em></strong></span> <span class='ocrx_word' id='word_1_353' title='bbox 2114 1528 2185 1612; x_wconf 79' lang='lat' dir='ltr'><strong><em>XV,</em></strong></span> <span class='ocrx_word' id='word_1_354' title='bbox 2200 1531 2233 1599; x_wconf 89' lang='grc'><strong><em>3.</em></strong></span> <span class='ocrx_word' id='word_1_355' title='bbox 2365 1504 2366 1512; x_wconf 69' lang='lat'><strong><em>.</em></strong></span> 
     </span>
    </p>
   </div>
   <div class='ocr_carea' id='block_1_12' title="bbox 1381 1642 2235 1732">
    <p class='ocr_par' dir='ltr' id='par_1_20' title="bbox 1381 1642 2235 1732">
     <span class='ocr_line' id='line_1_58' title="bbox 1381 1642 2235 1732; baseline -0.005 -14"><span class='ocrx_word' id='word_1_356' title='bbox 1381 1647 1469 1718; x_wconf 83' lang='lat' dir='ltr'><strong><em>Ruth</em></strong></span> <span class='ocrx_word' id='word_1_357' title='bbox 1493 1646 1546 1732; x_wconf 93' lang='lat' dir='ltr'><strong><em>lV,</em></strong></span> <span class='ocrx_word' id='word_1_358' title='bbox 1567 1649 1625 1716; x_wconf 91' lang='lat'><strong><em>18.</em></strong></span> <span class='ocrx_word' id='word_1_359' title='bbox 1644 1646 1657 1715; x_wconf 98' lang='lat' dir='ltr'><strong><em>l</em></strong></span> <span class='ocrx_word' id='word_1_360' title='bbox 1678 1643 1786 1715; x_wconf 88' lang='lat' dir='ltr'><strong><em>Paral.</em></strong></span> <span class='ocrx_word' id='word_1_361' title='bbox 1803 1644 1841 1729; x_wconf 93' lang='lat' dir='ltr'><strong><em>V,</em></strong></span> <span class='ocrx_word' id='word_1_362' title='bbox 1863 1645 1897 1714; x_wconf 83' lang='grc'><strong><em>3.</em></strong></span> <span class='ocrx_word' id='word_1_363' title='bbox 1915 1642 2032 1714; x_wconf 88' lang='lat' dir='ltr'><strong><em>llattb.</em></strong></span> <span class='ocrx_word' id='word_1_364' title='bbox 2050 1643 2077 1728; x_wconf 92' lang='grc'><strong><em>4,</em></strong></span> <span class='ocrx_word' id='word_1_365' title='bbox 2099 1646 2135 1714; x_wconf 86' lang='grc'><strong><em>3.</em></strong></span> <span class='ocrx_word' id='word_1_366' title='bbox 2152 1644 2235 1716; x_wconf 86' lang='lat' dir='ltr'><strong><em>huc.</em></strong></span> 
     </span>
    </p>
   </div>
   <div class='ocr_carea' id='block_1_13' title="bbox 1381 1758 2242 2178">
    <p class='ocr_par' dir='ltr' id='par_1_21' title="bbox 1381 1758 2240 1979">
     <span class='ocr_line' id='line_1_59' title="bbox 1381 1758 2240 1846; baseline -0.001 -15"><span class='ocrx_word' id='word_1_367' title='bbox 1381 1762 1447 1846; x_wconf 90' lang='lat' dir='ltr'><strong><em>lll,</em></strong></span> <span class='ocrx_word' id='word_1_368' title='bbox 1474 1762 1554 1846; x_wconf 83' lang='grc'>33.;</span> <span class='ocrx_word' id='word_1_369' title='bbox 1579 1761 1673 1832; x_wconf 92' lang='lat' dir='ltr'><strong><em>mitto</em></strong></span> <span class='ocrx_word' id='word_1_370' title='bbox 1703 1758 1789 1831; x_wconf 90' lang='lat' dir='ltr'><strong><em>alios</em></strong></span> <span class='ocrx_word' id='word_1_371' title='bbox 1820 1758 2019 1830; x_wconf 88' lang='lat' dir='ltr'><strong><em>mendosius</em></strong></span> <span class='ocrx_word' id='word_1_372' title='bbox 2048 1759 2240 1830; x_wconf 87' lang='lat' dir='ltr'><strong><em>scribentes</em></strong></span> 
     </span>
     <span class='ocr_line' id='line_1_60' title="bbox 1381 1875 1820 1979; baseline 0.011 -33"><span class='ocrx_word' id='word_1_373' title='bbox 1381 1876 1517 1962; x_wconf 76' lang='grc'>44040444,</span> <span class='ocrx_word' id='word_1_374' title='bbox 1533 1892 1584 1948; x_wconf 88' lang='grc'><strong><em>004</em></strong></span> <span class='ocrx_word' id='word_1_375' title='bbox 1603 1875 1693 1947; x_wconf 88' lang='lat' dir='ltr'><strong><em>enim</em></strong></span> <span class='ocrx_word' id='word_1_376' title='bbox 1715 1893 1820 1979; x_wconf 57' lang='grc'>44444</span> 
     </span>
    </p>

    <p class='ocr_par' dir='ltr' id='par_1_22' title="bbox 1383 1986 2242 2178">
     <span class='ocr_line' id='line_1_61' title="bbox 1432 1986 2242 2088; baseline -0.001 -28"><span class='ocrx_word' id='word_1_377' title='bbox 1432 1989 1518 2061; x_wconf 91' lang='lat' dir='ltr'><strong><em>lbid.</em></strong></span> <span class='ocrx_word' id='word_1_378' title='bbox 1542 1990 1875 2064; x_wconf 75' lang='lat' dir='ltr'><strong><em>enormi-Nonnisi</em></strong></span> <span class='ocrx_word' id='word_1_379' title='bbox 1895 2015 1934 2061; x_wconf 84' lang='lat' dir='ltr'><strong><em>ax</em></strong></span> <span class='ocrx_word' id='word_1_380' title='bbox 1953 1986 2038 2088; x_wconf 87' lang='lat' dir='ltr'><strong><em>preli</em></strong></span> <span class='ocrx_word' id='word_1_381' title='bbox 2054 1987 2138 2060; x_wconf 83' lang='lat' dir='ltr'><strong><em>vitio</em></strong></span> <span class='ocrx_word' id='word_1_382' title='bbox 2156 1987 2242 2082; x_wconf 77' lang='lat' dir='ltr'><strong><em>legi·</em></strong></span> 
     </span>
     <span class='ocr_line' id='line_1_62' title="bbox 1383 2101 2241 2178; baseline -0.007 0"><span class='ocrx_word' id='word_1_383' title='bbox 1383 2123 1436 2178; x_wconf 91' lang='lat' dir='ltr'><strong><em>tur</em></strong></span> <span class='ocrx_word' id='word_1_384' title='bbox 1457 2105 1572 2176; x_wconf 83' lang='lat' dir='ltr'><strong><em>Carmt&#39;</em></strong></span> <span class='ocrx_word' id='word_1_385' title='bbox 1591 2105 1627 2175; x_wconf 93' lang='lat' dir='ltr'><strong><em>in</em></strong></span> <span class='ocrx_word' id='word_1_386' title='bbox 1647 2103 1858 2176; x_wconf 85' lang='lat' dir='ltr'><strong><em>clementinis</em></strong></span> <span class='ocrx_word' id='word_1_387' title='bbox 1877 2102 1956 2175; x_wconf 89' lang='lat' dir='ltr'><strong><em>edd.</em></strong></span> <span class='ocrx_word' id='word_1_388' title='bbox 1974 2127 2058 2174; x_wconf 92' lang='lat' dir='ltr'><strong><em>rom.</em></strong></span> <span class='ocrx_word' id='word_1_389' title='bbox 2076 2101 2121 2174; x_wconf 89' lang='lat' dir='ltr'><strong><em>ad</em></strong></span> <span class='ocrx_word' id='word_1_390' title='bbox 2143 2102 2157 2172; x_wconf 96' lang='lat' dir='ltr'><strong><em>l</em></strong></span> <span class='ocrx_word' id='word_1_391' title='bbox 2181 2103 2241 2172; x_wconf 83' lang='lat' dir='ltr'><strong><em>Pa—</em></strong></span> 
     </span>
    </p>
   </div>
   <div class='ocr_carea' id='block_1_14' title="bbox 1384 2218 2251 4367">
    <p class='ocr_par' dir='ltr' id='par_1_23' title="bbox 1384 2218 1552 2306">
     <span class='ocr_line' id='line_1_63' title="bbox 1384 2218 1552 2306; baseline -0.006 -16"><span class='ocrx_word' id='word_1_392' title='bbox 1384 2218 1444 2292; x_wconf 87' lang='grc'>404.</span> <span class='ocrx_word' id='word_1_393' title='bbox 1462 2220 1499 2306; x_wconf 93' lang='lat' dir='ltr'><strong><em>V,</em></strong></span> <span class='ocrx_word' id='word_1_394' title='bbox 1518 2222 1552 2290; x_wconf 90' lang='grc'><strong><em>3.</em></strong></span> 
     </span>
    </p>

    <p class='ocr_par' dir='ltr' id='par_1_24' title="bbox 1384 2329 2249 4264">
     <span class='ocr_line' id='line_1_64' title="bbox 1434 2329 2239 2419; baseline -0.009 -13"><span class='ocrx_word' id='word_1_395' title='bbox 1434 2338 1493 2408; x_wconf 87' lang='lat' dir='ltr'><strong><em>tt.</em></strong></span> <span class='ocrx_word' id='word_1_396' title='bbox 1515 2332 1887 2419; x_wconf 78' lang='lat' dir='ltr'><strong><em>lamuel—Codd.B,C</em></strong></span> <span class='ocrx_word' id='word_1_397' title='bbox 1910 2334 1943 2404; x_wconf 80' lang='grc'><strong><em>9.</em></strong></span> <span class='ocrx_word' id='word_1_398' title='bbox 1959 2359 2020 2416; x_wconf 92' lang='lat' dir='ltr'><strong><em>m.,</em></strong></span> <span class='ocrx_word' id='word_1_399' title='bbox 2034 2331 2075 2416; x_wconf 91' lang='lat' dir='ltr'><strong><em>E,</em></strong></span> <span class='ocrx_word' id='word_1_400' title='bbox 2090 2331 2127 2416; x_wconf 86' lang='lat' dir='ltr'><strong><em>T,</em></strong></span> <span class='ocrx_word' id='word_1_401' title='bbox 2140 2329 2181 2414; x_wconf 90' lang='lat' dir='ltr'><strong><em>G,</em></strong></span> <span class='ocrx_word' id='word_1_402' title='bbox 2195 2329 2239 2414; x_wconf 89' lang='lat' dir='ltr'><strong><em>E,</em></strong></span> 
     </span>
     <span class='ocr_line' id='line_1_65' title="bbox 1384 2446 2239 2543; baseline -0.007 -21"><span class='ocrx_word' id='word_1_403' title='bbox 1384 2453 1428 2538; x_wconf 88' lang='grc' dir='ltr'>Μ,</span> <span class='ocrx_word' id='word_1_404' title='bbox 1439 2453 1477 2540; x_wconf 84' lang='grc'><strong><em>44,</em></strong></span> <span class='ocrx_word' id='word_1_405' title='bbox 1488 2451 1529 2537; x_wconf 88' lang='grc'><strong><em>44,</em></strong></span> <span class='ocrx_word' id='word_1_406' title='bbox 1540 2450 1790 2524; x_wconf 87' lang='lat' dir='ltr'><strong><em>Pseudo-Hier.</em></strong></span> <span class='ocrx_word' id='word_1_407' title='bbox 1801 2450 1860 2535; x_wconf 95' lang='lat' dir='ltr'><strong><em>lll,</em></strong></span> <span class='ocrx_word' id='word_1_408' title='bbox 1875 2451 1974 2532; x_wconf 89' lang='grc'>795,</span> <span class='ocrx_word' id='word_1_409' title='bbox 1985 2448 2083 2543; x_wconf 81' lang='lat' dir='ltr'><strong><em>Engo</em></strong></span> <span class='ocrx_word' id='word_1_410' title='bbox 2095 2446 2239 2530; x_wconf 87' lang='lat' dir='ltr'><strong><em>Iemuel,·</em></strong></span> 
     </span>
     <span class='ocr_line' id='line_1_66' title="bbox 1385 2563 2243 2661; baseline -0.007 -21"><span class='ocrx_word' id='word_1_411' title='bbox 1385 2566 1550 2642; x_wconf 85' lang='lat' dir='ltr'><strong><em>accedunt</em></strong></span> <span class='ocrx_word' id='word_1_412' title='bbox 1575 2566 1670 2638; x_wconf 90' lang='lat' dir='ltr'><strong><em>hebr.</em></strong></span> <span class='ocrx_word' id='word_1_413' title='bbox 1694 2582 1727 2638; x_wconf 92' lang='lat' dir='ltr'><strong><em>et</em></strong></span> <span class='ocrx_word' id='word_1_414' title='bbox 1751 2591 1909 2661; x_wconf 85' lang='lat' dir='ltr'><strong><em>graecus:</em></strong></span> <span class='ocrx_word' id='word_1_415' title='bbox 1933 2563 2070 2661; x_wconf 90' lang='lat' dir='ltr'><strong><em>quidam</em></strong></span> <span class='ocrx_word' id='word_1_416' title='bbox 2098 2589 2185 2634; x_wconf 85' lang='lat' dir='ltr'><strong><em>mss.</em></strong></span> <span class='ocrx_word' id='word_1_417' title='bbox 2210 2578 2243 2635; x_wconf 91' lang='lat' dir='ltr'><strong><em>et</em></strong></span> 
     </span>
     <span class='ocr_line' id='line_1_67' title="bbox 1384 2678 2243 2762; baseline -0.008 -7"><span class='ocrx_word' id='word_1_418' title='bbox 1384 2682 1464 2755; x_wconf 90' lang='lat' dir='ltr'><strong><em>odd.</em></strong></span> <span class='ocrx_word' id='word_1_419' title='bbox 1489 2682 1649 2754; x_wconf 84' lang='lat' dir='ltr'><strong><em>lamuhel.</em></strong></span> <span class='ocrx_word' id='word_1_420' title='bbox 1672 2681 1764 2752; x_wconf 89' lang='lat' dir='ltr'><strong><em>Idem</em></strong></span> <span class='ocrx_word' id='word_1_421' title='bbox 1790 2682 1842 2754; x_wconf 82' lang='lat' dir='ltr'><strong><em>vir</em></strong></span> <span class='ocrx_word' id='word_1_422' title='bbox 1863 2681 1962 2750; x_wconf 88' lang='lat' dir='ltr'><strong><em>Num.</em></strong></span> <span class='ocrx_word' id='word_1_423' title='bbox 1983 2678 2102 2762; x_wconf 74' lang='lat' dir='ltr'>xxvi,</span> <span class='ocrx_word' id='word_1_424' title='bbox 2129 2678 2189 2749; x_wconf 74' lang='lat' dir='ltr'><strong><em>tn.</em></strong></span> <span class='ocrx_word' id='word_1_425' title='bbox 2210 2693 2243 2748; x_wconf 88' lang='grc'><strong><em>04</em></strong></span> 
     </span>
     <span class='ocr_line' id='line_1_68' title="bbox 1385 2789 2239 2882; baseline -0.007 -14"><span class='ocrx_word' id='word_1_426' title='bbox 1385 2800 1398 2868; x_wconf 98' lang='lat' dir='ltr'><strong><em>l</em></strong></span> <span class='ocrx_word' id='word_1_427' title='bbox 1419 2797 1526 2870; x_wconf 87' lang='lat' dir='ltr'><strong><em>Paral.</em></strong></span> <span class='ocrx_word' id='word_1_428' title='bbox 1544 2798 1596 2882; x_wconf 93' lang='lat' dir='ltr'><strong><em>lV,</em></strong></span> <span class='ocrx_word' id='word_1_429' title='bbox 1616 2799 1674 2868; x_wconf 79' lang='grc'><strong><em>94.</em></strong></span> <span class='ocrx_word' id='word_1_430' title='bbox 1692 2812 1828 2868; x_wconf 89' lang='lat' dir='ltr'><strong><em>vocator</em></strong></span> <span class='ocrx_word' id='word_1_431' title='bbox 1843 2792 1986 2867; x_wconf 85' lang='lat' dir='ltr'><strong><em>Ncmuel</em></strong></span> <span class='ocrx_word' id='word_1_432' title='bbox 2002 2809 2072 2864; x_wconf 89' lang='lat' dir='ltr'><strong><em>tum</em></strong></span> <span class='ocrx_word' id='word_1_433' title='bbox 2089 2791 2124 2862; x_wconf 93' lang='lat' dir='ltr'><strong><em>in</em></strong></span> <span class='ocrx_word' id='word_1_434' title='bbox 2140 2789 2239 2862; x_wconf 88' lang='lat' dir='ltr'><strong><em>hebr.</em></strong></span> 
     </span>
     <span class='ocr_line' id='line_1_69' title="bbox 1387 2907 2244 3007; baseline -0.009 -21"><span class='ocrx_word' id='word_1_435' title='bbox 1387 2928 1580 3000; x_wconf 83' lang='lat' dir='ltr'><strong><em>textu,tu1n</em></strong></span> <span class='ocrx_word' id='word_1_436' title='bbox 1598 2913 1631 2983; x_wconf 91' lang='lat' dir='ltr'><strong><em>in</em></strong></span> <span class='ocrx_word' id='word_1_437' title='bbox 1647 2911 1800 3007; x_wconf 78' lang='lat' dir='ltr'><strong><em>Vulgata.</em></strong></span> <span class='ocrx_word' id='word_1_438' title='bbox 1819 2908 1981 2984; x_wconf 88' lang='lat' dir='ltr'><strong><em>Gesenius</em></strong></span> <span class='ocrx_word' id='word_1_439' title='bbox 2000 2907 2144 3005; x_wconf 88' lang='lat' dir='ltr'><strong><em>priorem</em></strong></span> <span class='ocrx_word' id='word_1_440' title='bbox 2162 2907 2244 2980; x_wconf 87' lang='lat' dir='ltr'><strong><em>scri-</em></strong></span> 
     </span>
     <span class='ocr_line' id='line_1_70' title="bbox 1386 3023 2241 3126; baseline -0.009 -26"><span class='ocrx_word' id='word_1_441' title='bbox 1386 3029 1489 3102; x_wconf 90' lang='lat' dir='ltr'><strong><em>bendi</em></strong></span> <span class='ocrx_word' id='word_1_442' title='bbox 1509 3028 1671 3100; x_wconf 88' lang='lat' dir='ltr'><strong><em>rationem</em></strong></span> <span class='ocrx_word' id='word_1_443' title='bbox 1691 3027 1835 3126; x_wconf 81' lang='lat' dir='ltr'><strong><em>praefert</em></strong></span> <span class='ocrx_word' id='word_1_444' title='bbox 1856 3025 1890 3096; x_wconf 92' lang='lat' dir='ltr'><strong><em>in</em></strong></span> <span class='ocrx_word' id='word_1_445' title='bbox 1912 3026 2076 3096; x_wconf 82' lang='lat' dir='ltr'><strong><em>Thesauro</em></strong></span> <span class='ocrx_word' id='word_1_446' title='bbox 2093 3049 2131 3119; x_wconf 91' lang='lat' dir='ltr'><strong><em>p.</em></strong></span> <span class='ocrx_word' id='word_1_447' title='bbox 2151 3023 2241 3094; x_wconf 86' lang='grc'>597.</span> 
     </span>
     <span class='ocr_line' id='line_1_71' title="bbox 1387 3137 2243 3241; baseline -0.009 -26"><span class='ocrx_word' id='word_1_448' title='bbox 1387 3145 1564 3218; x_wconf 89' lang='lat' dir='ltr'><strong><em>Nominum</em></strong></span> <span class='ocrx_word' id='word_1_449' title='bbox 1584 3143 1794 3241; x_wconf 88' lang='lat' dir='ltr'><strong><em>propriorum</em></strong></span> <span class='ocrx_word' id='word_1_450' title='bbox 1817 3137 2063 3238; x_wconf 81' lang='lat' dir='ltr'><strong><em>discrepantia,</em></strong></span> <span class='ocrx_word' id='word_1_451' title='bbox 2087 3163 2178 3235; x_wconf 88' lang='lat' dir='ltr'><strong><em>quae</em></strong></span> <span class='ocrx_word' id='word_1_452' title='bbox 2203 3164 2243 3208; x_wconf 83' lang='lat' dir='ltr'><strong><em>en</em></strong></span> 
     </span>
     <span class='ocr_line' id='line_1_72' title="bbox 1387 3243 2243 3354; baseline -0.014 -21"><span class='ocrx_word' id='word_1_453' title='bbox 1387 3258 1568 3333; x_wconf 56' lang='lat' dir='ltr'><strong><em>collatione.</em></strong></span> <span class='ocrx_word' id='word_1_454' title='bbox 1583 3256 1686 3329; x_wconf 87' lang='lat' dir='ltr'><strong><em>huius</em></strong></span> <span class='ocrx_word' id='word_1_455' title='bbox 1702 3243 1841 3354; x_wconf 74' lang='lat' dir='ltr'><strong><em>capitelli</em></strong></span> <span class='ocrx_word' id='word_1_456' title='bbox 1864 3279 1942 3326; x_wconf 89' lang='lat' dir='ltr'><strong><em>cum</em></strong></span> <span class='ocrx_word' id='word_1_457' title='bbox 1959 3251 2181 3350; x_wconf 73' lang='grc'>0000005400</span> <span class='ocrx_word' id='word_1_458' title='bbox 2200 3252 2243 3322; x_wconf 90' lang='grc'><strong><em>44-</em></strong></span> 
     </span>
     <span class='ocr_line' id='line_1_73' title="bbox 1387 3367 2246 3472; baseline -0.006 -27"><span class='ocrx_word' id='word_1_459' title='bbox 1387 3375 1458 3447; x_wconf 90' lang='lat' dir='ltr'><strong><em>bris</em></strong></span> <span class='ocrx_word' id='word_1_460' title='bbox 1489 3372 1775 3472; x_wconf 88' lang='lat' dir='ltr'><strong><em>deprehenditur,</em></strong></span> <span class='ocrx_word' id='word_1_461' title='bbox 1806 3369 1936 3442; x_wconf 89' lang='lat' dir='ltr'><strong><em>nullum</em></strong></span> <span class='ocrx_word' id='word_1_462' title='bbox 1969 3367 2108 3442; x_wconf 84' lang='grc'>10000044</span> <span class='ocrx_word' id='word_1_463' title='bbox 2141 3394 2246 3463; x_wconf 80' lang='lat' dir='ltr'><strong><em>nego-</em></strong></span> 
     </span>
     <span class='ocr_line' id='line_1_74' title="bbox 1388 3487 2246 3584; baseline -0.01 -20"><span class='ocrx_word' id='word_1_464' title='bbox 1388 3492 1489 3571; x_wconf 86' lang='lat' dir='ltr'><strong><em>tium:</em></strong></span> <span class='ocrx_word' id='word_1_465' title='bbox 1504 3519 1521 3558; x_wconf 86' lang='grc'><strong><em>4</em></strong></span> <span class='ocrx_word' id='word_1_466' title='bbox 1534 3488 1706 3561; x_wconf 86' lang='lat' dir='ltr'><strong><em>Habemus</em></strong></span> <span class='ocrx_word' id='word_1_467' title='bbox 1722 3487 1812 3558; x_wconf 90' lang='lat' dir='ltr'><strong><em>enim</em></strong></span> <span class='ocrx_word' id='word_1_468' title='bbox 1830 3509 2031 3584; x_wconf 86' lang='lat' dir='ltr'><strong><em>persuasum</em></strong></span> <span class='ocrx_word' id='word_1_469' title='bbox 2045 3509 2151 3556; x_wconf 89' lang='lat' dir='ltr'><strong><em>unum</em></strong></span> <span class='ocrx_word' id='word_1_470' title='bbox 2163 3509 2246 3556; x_wconf 88' lang='lat' dir='ltr'><strong><em>eun-</em></strong></span> 
     </span>
     <span class='ocr_line' id='line_1_75' title="bbox 1390 3597 2246 3703; baseline -0.002 -29"><span class='ocrx_word' id='word_1_471' title='bbox 1390 3637 1408 3674; x_wconf 84' lang='lat'>»</span> <span class='ocrx_word' id='word_1_472' title='bbox 1425 3606 1570 3703; x_wconf 87' lang='lat' dir='ltr'><strong><em>demque</em></strong></span> <span class='ocrx_word' id='word_1_473' title='bbox 1588 3603 1759 3676; x_wconf 90' lang='lat' dir='ltr'><strong><em>hominem</em></strong></span> <span class='ocrx_word' id='word_1_474' title='bbox 1777 3600 1933 3699; x_wconf 85' lang='lat' dir='ltr'><strong><em>pluribus</em></strong></span> <span class='ocrx_word' id='word_1_475' title='bbox 1952 3598 2120 3672; x_wconf 88' lang='lat' dir='ltr'><strong><em>interdum</em></strong></span> <span class='ocrx_word' id='word_1_476' title='bbox 2140 3597 2246 3672; x_wconf 88' lang='lat' dir='ltr'><strong><em>nomi-</em></strong></span> 
     </span>
     <span class='ocr_line' id='line_1_76' title="bbox 1391 3712 2246 3817; baseline -0.005 -27"><span class='ocrx_word' id='word_1_477' title='bbox 1391 3751 1407 3790; x_wconf 85' lang='lat'>»</span> <span class='ocrx_word' id='word_1_478' title='bbox 1426 3720 1526 3791; x_wconf 90' lang='lat' dir='ltr'><strong><em>nibus</em></strong></span> <span class='ocrx_word' id='word_1_479' title='bbox 1556 3717 1745 3817; x_wconf 73' lang='lat' dir='ltr'><strong><em>appellari,</em></strong></span> <span class='ocrx_word' id='word_1_480' title='bbox 1774 3716 1859 3813; x_wconf 89' lang='lat' dir='ltr'><strong><em>quin</em></strong></span> <span class='ocrx_word' id='word_1_481' title='bbox 1884 3731 1916 3787; x_wconf 92' lang='grc'><strong><em>04</em></strong></span> <span class='ocrx_word' id='word_1_482' title='bbox 1945 3714 2057 3812; x_wconf 89' lang='lat' dir='ltr'><strong><em>ipsum</em></strong></span> <span class='ocrx_word' id='word_1_483' title='bbox 2083 3712 2246 3811; x_wconf 88' lang='lat' dir='ltr'><strong><em>idemque</em></strong></span> 
     </span>
     <span class='ocr_line' id='line_1_77' title="bbox 1391 3828 2249 3927; baseline -0.005 -23"><span class='ocrx_word' id='word_1_484' title='bbox 1391 3867 1408 3904; x_wconf 90' lang='lat'>»</span> <span class='ocrx_word' id='word_1_485' title='bbox 1426 3839 1547 3909; x_wconf 83' lang='lat' dir='ltr'><strong><em>nomen</em></strong></span> <span class='ocrx_word' id='word_1_486' title='bbox 1576 3834 1670 3906; x_wconf 82' lang='lat' dir='ltr'><strong><em>vario</em></strong></span> <span class='ocrx_word' id='word_1_487' title='bbox 1701 3859 1769 3904; x_wconf 89' lang='lat' dir='ltr'><strong><em>non</em></strong></span> <span class='ocrx_word' id='word_1_488' title='bbox 1803 3858 1878 3904; x_wconf 89' lang='lat' dir='ltr'><strong><em>raro</em></strong></span> <span class='ocrx_word' id='word_1_489' title='bbox 1909 3828 2175 3927; x_wconf 79' lang='lat' dir='ltr'><strong><em>pronunciari.»</em></strong></span> <span class='ocrx_word' id='word_1_490' title='bbox 2201 3828 2249 3900; x_wconf 88' lang='lat' dir='ltr'><strong><em>ita</em></strong></span> 
     </span>
     <span class='ocr_line' id='line_1_78' title="bbox 1391 3943 2249 4033; baseline -0.009 -11"><span class='ocrx_word' id='word_1_491' title='bbox 1391 3949 1561 4022; x_wconf 89' lang='lat' dir='ltr'><strong><em>Calmatus</em></strong></span> <span class='ocrx_word' id='word_1_492' title='bbox 1580 3949 1614 4020; x_wconf 93' lang='lat' dir='ltr'><strong><em>in</em></strong></span> <span class='ocrx_word' id='word_1_493' title='bbox 1632 3948 1666 4018; x_wconf 94' lang='lat' dir='ltr'><strong><em>h.</em></strong></span> <span class='ocrx_word' id='word_1_494' title='bbox 1683 3948 1730 4033; x_wconf 86' lang='lat' dir='ltr'><strong><em>l.;</em></strong></span> <span class='ocrx_word' id='word_1_495' title='bbox 1746 3947 1834 4020; x_wconf 82' lang='lat' dir='ltr'><strong><em>cons.</em></strong></span> <span class='ocrx_word' id='word_1_496' title='bbox 1852 3943 2096 4021; x_wconf 87' lang='lat' dir='ltr'><strong><em>llosenmulleri</em></strong></span> <span class='ocrx_word' id='word_1_497' title='bbox 2113 3945 2249 4016; x_wconf 81' lang='lat' dir='ltr'><strong><em>Scholra</em></strong></span> 
     </span>
     <span class='ocr_line' id='line_1_79' title="bbox 1391 4059 2249 4159; baseline -0.007 -23"><span class='ocrx_word' id='word_1_498' title='bbox 1391 4066 1433 4136; x_wconf 88' lang='lat' dir='ltr'><strong><em>ad</em></strong></span> <span class='ocrx_word' id='word_1_499' title='bbox 1459 4065 1558 4136; x_wconf 88' lang='lat' dir='ltr'><strong><em>Num.</em></strong></span> <span class='ocrx_word' id='word_1_500' title='bbox 1579 4063 1696 4148; x_wconf 83' lang='lat' dir='ltr'><strong><em>llllVl,</em></strong></span> <span class='ocrx_word' id='word_1_501' title='bbox 1721 4065 1779 4133; x_wconf 84' lang='grc'><strong><em>19.</em></strong></span> <span class='ocrx_word' id='word_1_502' title='bbox 1801 4079 1834 4134; x_wconf 89' lang='grc'><strong><em>04</em></strong></span> <span class='ocrx_word' id='word_1_503' title='bbox 1858 4085 1947 4159; x_wconf 87' lang='lat' dir='ltr'><strong><em>qaae</em></strong></span> <span class='ocrx_word' id='word_1_504' title='bbox 1973 4059 2249 4158; x_wconf 83' lang='lat' dir='ltr'><strong><em>praenotavimus</em></strong></span> 
     </span>
     <span class='ocr_line' id='line_1_80' title="bbox 1391 4181 1774 4264; baseline -0.01 -12"><span class='ocrx_word' id='word_1_505' title='bbox 1391 4181 1434 4254; x_wconf 91' lang='lat' dir='ltr'><strong><em>ad</em></strong></span> <span class='ocrx_word' id='word_1_506' title='bbox 1456 4181 1538 4253; x_wconf 89' lang='lat' dir='ltr'><strong><em>Gen.</em></strong></span> <span class='ocrx_word' id='word_1_507' title='bbox 1554 4181 1697 4264; x_wconf 87' lang='lat' dir='ltr'><strong><em>llllllVl,</em></strong></span> <span class='ocrx_word' id='word_1_508' title='bbox 1716 4181 1774 4249; x_wconf 93' lang='grc'><strong><em>11.</em></strong></span> 
     </span>
    </p>

    <p class='ocr_par' dir='ltr' id='par_1_25' title="bbox 1441 4289 2251 4367">
     <span class='ocr_line' id='line_1_81' title="bbox 1441 4289 2251 4367; baseline -0.01 -1"><span class='ocrx_word' id='word_1_509' title='bbox 1441 4294 1527 4367; x_wconf 91' lang='lat' dir='ltr'><strong><em>lbid.</em></strong></span> <span class='ocrx_word' id='word_1_510' title='bbox 1557 4295 1667 4366; x_wconf 83' lang='grc'>404444</span> <span class='ocrx_word' id='word_1_511' title='bbox 1688 4335 1737 4346; x_wconf 87' lang='grc'><strong>-</strong></span> <span class='ocrx_word' id='word_1_512' title='bbox 1758 4293 1892 4366; x_wconf 86' lang='lat' dir='ltr'><strong><em>Manent</em></strong></span> <span class='ocrx_word' id='word_1_513' title='bbox 1922 4290 2137 4365; x_wconf 84' lang='lat' dir='ltr'><strong><em>lovanienses</em></strong></span> <span class='ocrx_word' id='word_1_514' title='bbox 2172 4289 2251 4360; x_wconf 89' lang='lat' dir='ltr'><strong><em>baio</em></strong></span> 
     </span>
    </p>
   </div>
   <div class='ocr_carea' id='block_1_15' title="bbox 1392 4403 2250 4623">
    <p class='ocr_par' dir='ltr' id='par_1_26' title="bbox 1392 4403 2250 4623">
     <span class='ocr_line' id='line_1_82' title="bbox 1392 4403 2250 4510; baseline -0.008 -25"><span class='ocrx_word' id='word_1_515' title='bbox 1392 4411 1558 4510; x_wconf 86' lang='lat' dir='ltr'><strong><em>quosdam</em></strong></span> <span class='ocrx_word' id='word_1_516' title='bbox 1576 4409 1700 4482; x_wconf 88' lang='lat' dir='ltr'><strong><em>addere</em></strong></span> <span class='ocrx_word' id='word_1_517' title='bbox 1717 4425 1747 4480; x_wconf 92' lang='lat' dir='ltr'><strong><em>et</em></strong></span> <span class='ocrx_word' id='word_1_518' title='bbox 1761 4409 1865 4490; x_wconf 81' lang='lat' dir='ltr'><strong><em>lami,</em></strong></span> <span class='ocrx_word' id='word_1_519' title='bbox 1878 4425 1912 4480; x_wconf 92' lang='grc'><strong><em>04</em></strong></span> <span class='ocrx_word' id='word_1_520' title='bbox 1926 4408 1972 4480; x_wconf 90' lang='grc'><strong><em>440</em></strong></span> <span class='ocrx_word' id='word_1_521' title='bbox 1989 4406 2115 4480; x_wconf 84' lang='lat' dir='ltr'><strong><em>hubent</em></strong></span> <span class='ocrx_word' id='word_1_522' title='bbox 2132 4403 2250 4505; x_wconf 83' lang='lat' dir='ltr'><strong><em>plures</em></strong></span> 
     </span>
     <span class='ocr_line' id='line_1_83' title="bbox 1393 4522 2249 4623; baseline -0.009 -23"><span class='ocrx_word' id='word_1_523' title='bbox 1393 4554 1433 4600; x_wconf 84' lang='lat' dir='ltr'><strong><em>cx</em></strong></span> <span class='ocrx_word' id='word_1_524' title='bbox 1458 4525 1610 4623; x_wconf 87' lang='lat' dir='ltr'><strong><em>antiquis</em></strong></span> <span class='ocrx_word' id='word_1_525' title='bbox 1631 4524 1710 4600; x_wconf 88' lang='lat' dir='ltr'><strong><em>edd.</em></strong></span> <span class='ocrx_word' id='word_1_526' title='bbox 1733 4540 1771 4596; x_wconf 94' lang='lat' dir='ltr'><strong><em>ut</em></strong></span> <span class='ocrx_word' id='word_1_527' title='bbox 1791 4522 1877 4596; x_wconf 87' lang='lat' dir='ltr'><strong><em>Bibl.</em></strong></span> <span class='ocrx_word' id='word_1_528' title='bbox 1895 4523 1975 4594; x_wconf 87' lang='lat' dir='ltr'><strong><em>Van.</em></strong></span> <span class='ocrx_word' id='word_1_529' title='bbox 1994 4524 2101 4594; x_wconf 91' lang='grc'>1475</span> <span class='ocrx_word' id='word_1_530' title='bbox 2120 4523 2249 4602; x_wconf 83' lang='grc'>1485,</span> 
     </span>
    </p>
   </div>
   <div class='ocr_carea' id='block_1_16' title="bbox 1394 4637 2259 5891">
    <p class='ocr_par' dir='ltr' id='par_1_27' title="bbox 1394 4637 2259 5891">
     <span class='ocr_line' id='line_1_84' title="bbox 1394 4637 2249 4739; baseline -0.007 -27"><span class='ocrx_word' id='word_1_531' title='bbox 1394 4637 2249 4739; x_wconf 59' lang='grc' dir='ltr'>404044.151550584004.15451545,Ρο440.</span> 
     </span>
     <span class='ocr_line' id='line_1_85' title="bbox 1396 4753 2226 4843; baseline -0.007 -15"><span class='ocrx_word' id='word_1_532' title='bbox 1396 4761 1521 4842; x_wconf 83' lang='grc'>1555,</span> <span class='ocrx_word' id='word_1_533' title='bbox 1538 4757 1613 4843; x_wconf 90' lang='grc'>044.;</span> <span class='ocrx_word' id='word_1_534' title='bbox 1630 4755 1690 4828; x_wconf 89' lang='lat' dir='ltr'><strong><em>sed</em></strong></span> <span class='ocrx_word' id='word_1_535' title='bbox 1709 4755 1883 4828; x_wconf 87' lang='lat' dir='ltr'><strong><em>mendose.</em></strong></span> <span class='ocrx_word' id='word_1_536' title='bbox 1901 4753 1951 4826; x_wconf 86' lang='lat' dir='ltr'><strong><em>Cl.</em></strong></span> <span class='ocrx_word' id='word_1_537' title='bbox 1969 4753 2076 4828; x_wconf 81' lang='lat' dir='ltr'><strong><em>Exod.</em></strong></span> <span class='ocrx_word' id='word_1_538' title='bbox 2093 4753 2147 4836; x_wconf 90' lang='lat' dir='ltr'><strong><em>Vl,</em></strong></span> <span class='ocrx_word' id='word_1_539' title='bbox 2166 4755 2226 4823; x_wconf 88' lang='grc'><strong><em>15.</em></strong></span> 
     </span>
     <span class='ocr_line' id='line_1_86' title="bbox 1410 4865 2253 4954; baseline -0.001 -13"><span class='ocrx_word' id='word_1_540' title='bbox 1410 4915 1414 4926; x_wconf 82' lang='lat'><strong>·</strong></span> <span class='ocrx_word' id='word_1_541' title='bbox 1443 4872 1530 4944; x_wconf 91' lang='lat' dir='ltr'><strong><em>lbid.</em></strong></span> <span class='ocrx_word' id='word_1_542' title='bbox 1553 4868 1811 4944; x_wconf 78' lang='lat' dir='ltr'><strong><em>aloe-codd.</em></strong></span> <span class='ocrx_word' id='word_1_543' title='bbox 1826 4870 1869 4954; x_wconf 89' lang='grc' dir='ltr'>Η,</span> <span class='ocrx_word' id='word_1_544' title='bbox 1887 4870 1918 4940; x_wconf 92' lang='lat' dir='ltr'><strong><em>ll</em></strong></span> <span class='ocrx_word' id='word_1_545' title='bbox 1943 4867 2049 4940; x_wconf 86' lang='lat' dir='ltr'><strong><em>Ohad.</em></strong></span> <span class='ocrx_word' id='word_1_546' title='bbox 2064 4865 2253 4942; x_wconf 84' lang='lat' dir='ltr'><strong><em>Hebraicus</em></strong></span> 
     </span>
     <span class='ocr_line' id='line_1_87' title="bbox 1397 4981 2255 5085; baseline -0.006 -24"><span class='ocrx_word' id='word_1_547' title='bbox 1397 5002 1506 5062; x_wconf 81' lang='lat' dir='ltr'><strong><em>tentus</em></strong></span> <span class='ocrx_word' id='word_1_548' title='bbox 1529 4986 1630 5058; x_wconf 87' lang='lat' dir='ltr'><strong><em>habet</em></strong></span> <span class='ocrx_word' id='word_1_549' title='bbox 1651 5003 1747 5066; x_wconf 69' lang='lat' dir='ltr'><strong><em>astet,</em></strong></span> <span class='ocrx_word' id='word_1_550' title='bbox 1767 4985 1858 5085; x_wconf 89' lang='lat' dir='ltr'><strong><em>quod</em></strong></span> <span class='ocrx_word' id='word_1_551' title='bbox 1879 5009 2001 5058; x_wconf 86' lang='lat' dir='ltr'><strong><em>noman</em></strong></span> <span class='ocrx_word' id='word_1_552' title='bbox 2023 4981 2108 5056; x_wconf 85' lang='lat' dir='ltr'><strong><em>olias</em></strong></span> <span class='ocrx_word' id='word_1_553' title='bbox 2129 4981 2255 5077; x_wconf 79' lang='lat' dir='ltr'><strong><em>Vulga-</em></strong></span> 
     </span>
     <span class='ocr_line' id='line_1_88' title="bbox 1396 5096 2249 5196; baseline -0.011 -22"><span class='ocrx_word' id='word_1_554' title='bbox 1396 5120 1450 5176; x_wconf 90' lang='lat' dir='ltr'><strong><em>tus</em></strong></span> <span class='ocrx_word' id='word_1_555' title='bbox 1470 5103 1579 5176; x_wconf 91' lang='lat' dir='ltr'><strong><em>reddit</em></strong></span> <span class='ocrx_word' id='word_1_556' title='bbox 1594 5102 1662 5174; x_wconf 80' lang='lat' dir='ltr'><strong><em>teet</em></strong></span> <span class='ocrx_word' id='word_1_557' title='bbox 1684 5102 1814 5196; x_wconf 84' lang='lat' dir='ltr'><strong><em>(ludin.</em></strong></span> <span class='ocrx_word' id='word_1_558' title='bbox 1832 5101 1893 5186; x_wconf 94' lang='lat' dir='ltr'><strong><em>lll,</em></strong></span> <span class='ocrx_word' id='word_1_559' title='bbox 1911 5102 1969 5172; x_wconf 89' lang='grc'>15</span> <span class='ocrx_word' id='word_1_560' title='bbox 1987 5124 2085 5196; x_wconf 88' lang='lat' dir='ltr'><strong><em>seqq.</em></strong></span> <span class='ocrx_word' id='word_1_561' title='bbox 2102 5098 2116 5166; x_wconf 99' lang='lat' dir='ltr'><strong><em>l</em></strong></span> <span class='ocrx_word' id='word_1_562' title='bbox 2138 5096 2249 5171; x_wconf 82' lang='lat' dir='ltr'><strong><em>Turul.</em></strong></span> 
     </span>
     <span class='ocr_line' id='line_1_89' title="bbox 1394 5213 2255 5317; baseline -0.007 -27"><span class='ocrx_word' id='word_1_563' title='bbox 1394 5219 1471 5302; x_wconf 93' lang='lat' dir='ltr'><strong><em>Vll,</em></strong></span> <span class='ocrx_word' id='word_1_564' title='bbox 1493 5222 1600 5312; x_wconf 85' lang='lat' dir='ltr'><strong><em>tt.);</em></strong></span> <span class='ocrx_word' id='word_1_565' title='bbox 1628 5245 1736 5317; x_wconf 91' lang='lat' dir='ltr'><strong><em>quum</em></strong></span> <span class='ocrx_word' id='word_1_566' title='bbox 1764 5243 1844 5290; x_wconf 84' lang='lat' dir='ltr'><strong><em>vcro</em></strong></span> <span class='ocrx_word' id='word_1_567' title='bbox 1869 5216 1946 5288; x_wconf 89' lang='lat' dir='ltr'><strong><em>heic</em></strong></span> <span class='ocrx_word' id='word_1_568' title='bbox 1970 5216 2161 5313; x_wconf 85' lang='lat' dir='ltr'><strong><em>interponat</em></strong></span> <span class='ocrx_word' id='word_1_569' title='bbox 2191 5213 2255 5286; x_wconf 86' lang='lat' dir='ltr'><strong><em>ad-</em></strong></span> 
     </span>
     <span class='ocr_line' id='line_1_90' title="bbox 1396 5328 2256 5435; baseline -0.009 -26"><span class='ocrx_word' id='word_1_570' title='bbox 1396 5335 1632 5435; x_wconf 88' lang='lat' dir='ltr'><strong><em>spirationem,</em></strong></span> <span class='ocrx_word' id='word_1_571' title='bbox 1650 5333 1817 5431; x_wconf 87' lang='lat' dir='ltr'><strong><em>suspicari</em></strong></span> <span class='ocrx_word' id='word_1_572' title='bbox 1839 5330 1917 5404; x_wconf 87' lang='lat' dir='ltr'><strong><em>lieet</em></strong></span> <span class='ocrx_word' id='word_1_573' title='bbox 1940 5329 2182 5426; x_wconf 78' lang='lat' dir='ltr'><strong><em>Hieronymum</em></strong></span> <span class='ocrx_word' id='word_1_574' title='bbox 2206 5328 2256 5401; x_wconf 89' lang='lat' dir='ltr'><strong><em>le-</em></strong></span> 
     </span>
     <span class='ocr_line' id='line_1_91' title="bbox 1395 5443 2255 5548; baseline -0.01 -25"><span class='ocrx_word' id='word_1_575' title='bbox 1395 5452 1488 5548; x_wconf 82' lang='lat' dir='ltr'><strong><em>gisse</em></strong></span> <span class='ocrx_word' id='word_1_576' title='bbox 1509 5469 1610 5540; x_wconf 67' lang='lat' dir='ltr'><strong><em>attat,</em></strong></span> <span class='ocrx_word' id='word_1_577' title='bbox 1630 5451 1678 5523; x_wconf 90' lang='lat' dir='ltr'><strong><em>uti</em></strong></span> <span class='ocrx_word' id='word_1_578' title='bbox 1705 5447 1831 5522; x_wconf 89' lang='lat' dir='ltr'><strong><em>habent</em></strong></span> <span class='ocrx_word' id='word_1_579' title='bbox 1851 5472 1911 5521; x_wconf 85' lang='lat' dir='ltr'><strong><em>sen</em></strong></span> <span class='ocrx_word' id='word_1_580' title='bbox 1936 5445 2036 5519; x_wconf 88' lang='lat' dir='ltr'><strong><em>codd.</em></strong></span> <span class='ocrx_word' id='word_1_581' title='bbox 2054 5443 2255 5518; x_wconf 88' lang='lat' dir='ltr'><strong><em>samaritani</em></strong></span> 
     </span>
     <span class='ocr_line' id='line_1_92' title="bbox 1397 5560 2251 5652; baseline -0.012 -12"><span class='ocrx_word' id='word_1_582' title='bbox 1397 5582 1524 5652; x_wconf 76' lang='lat' dir='ltr'><strong><em>textus,</em></strong></span> <span class='ocrx_word' id='word_1_583' title='bbox 1546 5568 1634 5642; x_wconf 81' lang='lat' dir='ltr'><strong><em>conl.</em></strong></span> <span class='ocrx_word' id='word_1_584' title='bbox 1655 5564 1761 5638; x_wconf 79' lang='lat' dir='ltr'><strong><em>Exod.</em></strong></span> <span class='ocrx_word' id='word_1_585' title='bbox 1779 5563 1837 5648; x_wconf 91' lang='lat' dir='ltr'><strong><em>Vl,</em></strong></span> <span class='ocrx_word' id='word_1_586' title='bbox 1860 5563 1951 5633; x_wconf 88' lang='grc'><strong><em>154</em></strong></span> <span class='ocrx_word' id='word_1_587' title='bbox 1975 5560 2083 5634; x_wconf 83' lang='lat' dir='ltr'><strong><em>Parnl.</em></strong></span> <span class='ocrx_word' id='word_1_588' title='bbox 2099 5561 2192 5644; x_wconf 91' lang='lat' dir='ltr'><strong><em>Vlll‚</em></strong></span> <span class='ocrx_word' id='word_1_589' title='bbox 2215 5565 2251 5630; x_wconf 88' lang='grc'>5</span> 
     </span>
     <span class='ocr_line' id='line_1_93' title="bbox 1397 5677 2254 5772; baseline -0.007 -19"><span class='ocrx_word' id='word_1_590' title='bbox 1397 5683 1603 5758; x_wconf 87' lang='lat' dir='ltr'><strong><em>Scholiastes</em></strong></span> <span class='ocrx_word' id='word_1_591' title='bbox 1625 5681 1751 5756; x_wconf 83' lang='grc'>00541</span> <span class='ocrx_word' id='word_1_592' title='bbox 1773 5708 1814 5753; x_wconf 83' lang='lat' dir='ltr'><strong><em>ex</em></strong></span> <span class='ocrx_word' id='word_1_593' title='bbox 1832 5679 2128 5754; x_wconf 86' lang='lat' dir='ltr'><strong><em>Pseudo-Hieron.</em></strong></span> <span class='ocrx_word' id='word_1_594' title='bbox 2150 5677 2254 5772; x_wconf 86' lang='lat' dir='ltr'><strong><em>(edit.</em></strong></span> 
     </span>
     <span class='ocr_line' id='line_1_94' title="bbox 1397 5793 2259 5891; baseline -0.001 -24"><span class='ocrx_word' id='word_1_595' title='bbox 1397 5798 1539 5871; x_wconf 89' lang='lat' dir='ltr'><strong><em>Vallars.</em></strong></span> <span class='ocrx_word' id='word_1_596' title='bbox 1565 5799 1632 5884; x_wconf 85' lang='lat' dir='ltr'><strong><em>lll,</em></strong></span> <span class='ocrx_word' id='word_1_597' title='bbox 1660 5798 1767 5889; x_wconf 82' lang='grc'>795)</span> <span class='ocrx_word' id='word_1_598' title='bbox 1796 5796 1881 5869; x_wconf 89' lang='lat' dir='ltr'><strong><em>haec</em></strong></span> <span class='ocrx_word' id='word_1_599' title='bbox 1914 5795 2034 5868; x_wconf 88' lang='lat' dir='ltr'><strong><em>hahet:</em></strong></span> <span class='ocrx_word' id='word_1_600' title='bbox 2055 5793 2259 5891; x_wconf 74' lang='lat' dir='ltr'><strong><em>«Hierony-</em></strong></span> 
     </span>
    </p>
   </div>
   <div class='ocr_carea' id='block_1_17' title="bbox 0 0 2400 6676">
    <p class='ocr_par' dir='ltr' id='par_1_28' title="bbox 0 0 2400 6676">
     <span class='ocr_line' id='line_1_95' title="bbox 0 0 2400 6676; baseline 0 0"><span class='ocrx_word' id='word_1_601' title='bbox 0 0 2400 6676; x_wconf 95' lang='lat' dir='ltr'><strong><em> </em></strong></span> 
     </span>
    </p>
   </div>
  </div>
 </body>
</html>
