4746 6676
799 482 1206 579 ceraseorum.
1866 485 1909 558 ιι

183 623 784 718 rememorasse-coam
809 638 980 710 aaa·

138 776 187 836 cet
208 760 286 832 aas.
314 754 503 830 Bucherius
516 753 611 852 'legit
630 767 662 828 et
681 751 866 825 mburboni
885 751 970 824 eius.

181 877 237 950 ld.
252 873 379 948 Btecoe
391 867 672 944 anm-stota
696 868 781 942 Buce
793 867 985 954 usus51lu-

140 1006 244 1092 pertus
251 990 334 1062 Ecce
346 1003 455 1061 cutem
466 1011 564 1060 eous.
578 984 739 1060 llabanus
752 984 846 1057 hune
856 981 979 1058 versio.

141 1135 177 1182 ex
199 1103 277 1178 itala
300 1128 378 1178 cum
401 1102 608 1203 Hieronymo
632 1100 771 1200 profert.

182 1221 265 1295 lbid.
281 1218 451 1294 Escbol-
460 1219 557 1292 Hanc
569 1216 740 1294 scribendi
754 1214 916 1290 rationem
928 1239 986 1288 va-

143 1339 264 1412 ticanae
280 1334 361 1408 edd.
376 1359 454 1408 cum
471 1333 559 1408 Bibl.
575 1332 696 1408 Ordin.
721 1347 755 1406 ot
773 1332 897 1406 lovan.
913 1355 986 1404 aar·

138 1466 251 1528 ramnt
273 1460 344 1522 tum
369 1448 435 1522 hoc
461 1446 557 1533 loeo,
584 1462 655 1522 tum
681 1445 769 1520 inira
793 1443 837 1518 ad
858 1443 985 1542 versio..

141 1569 193 1640 ll.
205 1566 363 1639 Graecus.
375 1545 550 1656 Ἐσχῶλ.
568 1563 635 1636 Sed
648 1587 728 1634 varo
740 1586 845 1661 quum
860 1558 986 1659 planti·

139 1682 221 1755 niani
244 1677 392 1754 editores
413 1677 630 1780 praetulerint
650 1677 760 1760 Bscol,
776 1674 911 1750 errandi
932 1699 986 1748 oo·

136 1798 298 1872 easionem
312 1794 391 1868 aliis
405 1794 522 1868 multis
540 1792 729 1868 editoribus
743 1787 983 1892 praebuerunt.

138 1911 227 1986 cont
255 1907 367 1984 tamen
394 1926 474 1985 nota
498 1907 542 1984 ad
567 1909 668 1982 Num.
695 1908 793 1996 Xlll‚
818 1907 878 1978 tt.
902 1904 986 1991 Qui-

138 2027 208 2102 dam
231 2042 312 2100 vett.
341 2051 419 2099 oum
440 2023 564 2099 oodll
588 2023 725 2098 Ie'scltol.

179 2139 262 2214 lbid.
283 2139 569 2214 ssa-codo
594 2140 697 2214 Beer.

180 2257 235 2329 ll.
258 2255 826 2354 momolenus-angelomus,
845 2259 986 2334 uniber-

138 2387 185 2444 tus
210 2386 322 2444 meant
344 2395 438 2456 seros,-
461 2369 540 2444 item
560 2369 736 2470 chrysost.
754 2372 807 2459 tv,
836 2376 920 2448 355.

179 2484 262 2558 ibid.
279 2499 469 2583 panocetae
494 2499 543 2558 cst
565 2509 667 2584 oeque
686 2485 985 2562 lino-Veterum

1061 633 1138 722 nis,
1166 632 1356 708 assensisse
1382 631 1465 708 illud
1487 631 1522 707 in
1543 658 1664 733 graeoo
1676 633 1772 710 textu
1790 635 1912 710 omitti.

1060 749 1146 822 llam
1159 749 1321 850 perpioue
1332 747 1456 846 legitur
1469 736 1587 820 entra
1605 739 1731 821 αὐτῶν
1746 751 1782 824 in
1795 771 1917 849 graeco

1061 883 1169 957 marn,
1194 868 1252 969 qui
1284 893 1414 967 paucos
1443 884 1676 958 anteatinus,
1704 869 1781 969 ipso
1805 860 1915 946 Roooa

1061 981 1299 1072 adlaborante,
1318 985 1416 1058 iussu
1427 984 1512 1057 Sixti
1528 981 1566 1056 v.
1583 984 1620 1058 i'n
1631 982 1748 1058 ¹lucem
1765 986 1913 1060 emissos

1061 1099 1182 1186 luerat;
1196 1101 1344 1200 itemque
1357 1099 1391 1172 in
1405 1097 1562 1173 omnibus
1580 1101 1712 1198 graecis
1724 1099 1848 1198 legitur
1859 1125 1913 1177 eo

1061 1213 1209 1300 diebus,
1225 1239 1294 1288 uno
1305 1229 1453 1313 ,excepto
1472 1214 1630 1290 vaticano
1648 1216 1731 1290 330.
1752 1219 1826 1311 (sou
1838 1214 1915 1289 hol·

1062 1330 1213 1404 masiano
1233 1330 1355 1426 108.)‚
1372 1354 1413 1402 ex
1438 1355 1508 1428 quo
1532 1329 1684 1404 derivata
1706 1329 1771 1404 luit
1794 1355 1916 1426 graeca

1060 1445 1304 1544 complutensis
1325 1445 1448 1534 editio,
1468 1445 1752 1544 quemadmodum
1774 1445 1916 1520 demon·

1060 1561 1243 1636 stravimus
1260 1561 1296 1632 in
1314 1560 1457 1661 epistola
1474 1560 1519 1634 ad
1535 1557 1709 1647 lectorem,
1729 1585 1832 1660 φιιιιι
1851 1569 1915 1634 nu·‘

1062 1702 1123 1776 per
1147 1676 1385 1776 praemisimus
1409 1676 1528 1749 Bibliis
1550 1677 1681 1775 graecis
1702 1675 1803 1751 editis
1827 1677 1910 1751 acl.

1061 1791 1161 1866 Card.
1176 1792 1306 1889 dogolo
1319 1793 1407 1866 llaio
1428 1796 1522 1887 (tom.
1539 1793 1568 1865 l.
1587 1818 1665 1892 pag.
1682 1794 1752 1888 V.).

1110 1910 1170 1982 15.
1187 1909 1411 2008 poenamque
1427 1907 1630 1982 eos—(lod.
1647 1909 1672 1980 ll
1696 1908 1792 1983 addit
1808 1894 1912 1984 nocte.

1061 2025 1146 2099 Cod.
1164 2025 1191 2096 ll
1218 2024 1299 2122 legit
1311 2028 1534 2124 percussitque
1548 2025 1618 2111 ito,·
1646 2022 1826 2100 (tribanus
1840 2051 1917 2123 per·

1061 2141 1164 2214 cussit
1186 2165 1250 2212 eos.

1110 2253 1199 2327 lbid.
1216 2269 1407 2352 persecutor
1423 2263 1479 2328 'cst
1503 2281 1556 2328 eos
1571 2277 1674 2353 usque
1689 2253 1917 2328 Heba-Ex-

1062 2385 1219 2469 pnngunt
1240 2391 1291 2442 eos
1319 2369 1446 2457 sixtini,
1475 2369 1574 2443 oodd.
1604 2369 1651 2457 A,
1672 2368 1715 2458 G,
1736 2370 1778 2456 lt,
1799 2370 1845 2457 ll,
1866 2368 1913 2456 (l,

1060 2487 1110 2576 ll,
1131 2485 1175 2574 Ο,
1196 2486 1232 2573 S,
1261 2485 1347 2558 llibl.
1368 2485 1505 2574 Ordiu.,
1526 2487 1609 2583 lleg.
1630 2485 1786 2584 aliaeque
1803 2486 1916 2584 plures

137 2599 241 2686 oodd.‚
257 2601 336 2674 edd.
354 2615 388 2674 et
400 2615 533 2700 patrum
544 2599 728 2696 legentium
738 2617 927 2699 persecutus
938 2617 987 2678 eat
1060 2601 1157 2689 edd,
1173 2599 1263 2674 beda
1278 2601 1321 2688 ll,
1339 2601 1440 2688 lli„
1453 2600 1650 2688 Guibertus3
1666 2601 1746 2677 item
1754 2601 1911 2676 tmbms.

137 2740 184 2788 coe
205 2741 305 2814 osque
329 2716 407 2788 Bon
431 2740 555 2814 magua
579 2730 631 2790 est
653 2714 717 2791 boc
745 2715 818 2792 loeo
843 2743 987 2794 consen-
1061 2717 1152 2816 apud
1178 2714 1367 2803 Sabatier.;
1394 2731 1428 2788 et
1453 2715 1567 2814 plures
1593 2716 1705 2812 graeei
1723 2716 1823 2788 eodd.
1840 2714 1916 2788 hol-

136 2829 198 2916 sio;
225 2855 285 2903 neo
310 2829 500 2929 quidquam
522 2829 743 2904 immutarunt
764 2831 899 2920 simini,
928 2847 986 2907 aut
1061 2831 1218 2906 mesiani:
1240 2847 1342 2930 atque
1359 2831 1496 2931 ipsimet
1513 2829 1724 2930 gregoriani,
1743 2831 1793 2904 uti
1812 2857 1914 2930 supe-

138 2942 252 3016 Sixtua.
275 2941 398 3016 Verum
418 2943 610 3041 gregoriani
630 2943 842 3020 abstulerunt
863 2973 986 3047 prono·
1061 2948 1133 3022 rius
1153 2946 1372 3034 dicebamus,
1402 2946 1491 3020 banc
1513 2947 1713 3020 sententiam
1739 2947 1846 3022 secuti
1863 2941 1915 3020 vi-

139 3081 206 3129 men
229 3083 293 3130 eor.
320 3057 434 3144 Quum
453 3074 582 3144 antem,
608 3058 702 3134 nulla
723 3075 864 3158 cogente
889 3061 984 3160 grati
1060 3062 1194 3136 dentur.
1211 3053 1275 3134 Pro
1286 3061 1395 3146 Helo,
1411 3059 1534 3144 codd
1555 3062 1667 3148 otau-
1681 3060 1757 3135 eod.
1771 3063 1797 3134 tt
1811 3059 1913 3148 obet·

140 3172 351 3259 necessitate,
370 3189 487 3246 oonua
503 3187 653 3248 veterum
666 3173 769 3248 codd.
787 3176 890 3250 iidem
902 3199 987 3252 nos·
1061 3177 1241 3252 daibertus
1258 3177 1369 3265 Sobo,·
1389 3177 1434 3252 ei.
1452 3177 1658 3252 llolmesius.
1676 3178 1829 3278 Denique
1841 3178 1917 3250 Six-

138 3311 229 3384 quam
242 3286 374 3384 Vulgnti
396 3287 573 3362 lectionem
595 3290 860 3380 reformaverint,
871 3291 907 3367 in
919 3295 986 3393 pn'·
1061 3307 1206 3368 tuscum
1221 3293 1322 3368 codd.
1339 3294 1385 3384 tt,
1400 3293 1436 3381 S,
1458 3294 1658 3368 lovaniens.
1675 3293 1820 3394 aliisque
1833 3293 1911 3367 edd.

138 3401 195 3474 mis
213 3402 422 3476 mirabamur
440 3429 502 3476 our
520 3403 585 3478 ho'c
606 3403 679 3480 loeo
700 3404 735 3477 id
755 3406 896 3482 iooerint
914 3433 987 3506 gre-
1060 3409 1211 3508 antiquis
1236 3407 1332 3483 addit
1348 3421 1380 3484 ct
1396 3408 1601 3482 Phoenicem.
1619 3408 1692 3482 Hoc
1704 3407 1916 3482 additamen-

138 3516 273 3611 gomani,
289 3533 394 3618 ntqm
413 3517 848 3618 seduloperscrntabamur
867 3523 896 3597 si
916 3548 986 3623 qua
1060 3538 1132 3596 tum
1156 3539 1391 3623 expunxerunt
1412 3521 1526 3596 sixtini
1547 3537 1581 3597 et
1601 3523 1813 3621 gregoriani:
1835 3524 1913 3596 reii-

137 3650 311 3708 occurrerat
330 3633 517 3733 probabilis
538 3635 636 3724 ratio,
651 3663 742 3736 quae
759 3637 893 3712 illorum
911 3639 986 3714 ani-
1060 3637 1146 3710 oitur
1165 3663 1301 3738 quoque
1317 3638 1354 3710 in
1371 3638 1588 3712 Correotoriie
1610 3638 1662 3726 ll,
1682 3639 1730 3726 N,
1751 3636 1802 3727 0,
1827 3639 1914 3712 etin

136 3768 200 3820 mos
222 3773 418 3846 permovere
436 3749 615 3850 potuisset.
639 3751 682 3825 dt
701 3777 781 3826 xero
801 3779 838 3828 re
854 3771 984 3830 mamre
1060 3747 1258 3838 sorbonioo;
1286 3775 1349 3826 neo
1383 3751 1467 3825 illud
1502 3751 1683 3826 admittunt
1712 3753 1915 3827 vetustiores
2064 3831 2067 3836 ,

139 3883 307 3958 perpensa,
322 3862 380 3937 vix
395 3863 551 3938 dubitare
569 3891 752 3964 possumus
769 3867 859 3942 banc
874 3893 985 3944 eorre-
1058 3866 1159 3940 codd.
1187 3865 1235 3952 A.
1264 3865 1308 3954 tt,
1336 3865 1381 3954 C,
1405 3866 1454 3954 lt,
1478 3866 1525 3955 tt,
1550 3867 1591 3954 tt,
1619 3866 1749 3966 aliique
1775 3867 1911 3965 plures:
1945 3873 1949 3882 '

137 3973 270 4050 monem
295 3993 404 4050 onam
429 4003 507 4052 esse
534 4005 575 4054 ex
601 3979 739 4054 iomuito
765 3984 985 4058 amanuensis
1060 3981 1152 4056 unde
1176 3981 1311 4057 Toletus
1337 3981 1475 4056 scribit:
1511 3981 1620 4056 «Neo
1649 3983 1764 4081 legunt
1795 3982 1913 4068 hebr,

137 4099 256 4178 err‘ore;
292 4114 372 4164 nam
402 4094 556 4192 sequenti
587 4094 756 4170 versiculo
781 4121 901 4172 rursus
932 4123 987 4172 oo·
1063 4121 1251 4194 agrasone,
1271 4095 1457 4198 complut,
1477 4097 1576 4195 lleg,
1597 4096 1737 4185 ordin,
1753 4098 1917 4197 multique

135 4219 260 4281 currant
282 4205 389 4280 verba
408 4215 597 4306 perstemus
622 4223 671 4284 est
689 4236 741 4284 cos
761 4237 881 4309 aequm
910 4213 986 4312 plu·
1062 4212 1247 4299 eradices,
1280 4212 1439 4310 quamvis
1464 4212 1499 4284 in
1526 4211 1603 4286 aliis
1630 4211 1805 4299 habeatur,
1830 4215 1918 4286 siout

137 4339 313 4407 manum,
342 4337 381 4394 ut
407 4346 485 4396 mox
506 4322 727 4414 videbimus,
755 4325 899 4400 suadere
924 4353 986 4426 po·
1064 4343 1131 4399 »et
1155 4327 1191 4398 in
1215 4326 1428 4402 lovaniensi.
1453 4327 1675 4424 congregatio
1699 4328 1909 4426 expunxit.»

136 4449 232 4510 terant
255 4437 494 4536 gregorianis,
518 4455 557 4511 ut
580 4439 882 4539 istudlpronoman
908 4457 987 4542 post
1060 4439 1176 4516 Codl
1202 4459 1235 4516 et
1257 4442 1435 4516 Gnibertus
1457 4443 1587 4516 addunt
1606 4458 1755 4541 atrisque
1772 4441 1917 4516 Ploeni·

132 4567 308 4643 persecutus
321 4566 386 4636 ert,
415 4553 511 4626 tertio
524 4554 703 4652 repetitum
724 4554 760 4626 in
780 4557 904 4630 versio.
923 4558 981 4630 tt.
1062 4583 1143 4645 cem,
1161 4559 1221 4633 sed
1236 4560 1270 4632 in
1284 4557 1534 4645 oneraremur,
1551 4561 1673 4658 nempe
1685 4557 1914 4658 postverbum

136 4675 376 4762 expungerent;
399 4681 546 4740 attamen
568 4669 660 4742 istud
677 4669 839 4742 intactum
865 4669 987 4746 dimis·
1062 4675 1221 4750 Damasci
1233 4703 1244 4762 ,·
1271 4673 1315 4750 ci.
1350 4672 1526 4772 Remigius
1554 4675 1675 4748 antiss.
1704 4676 1739 4748 in
1764 4675 1800 4748 b.
1830 4675 1852 4747 l.
1882 4692 1916 4749 et

136 4801 213 4850 sum.
236 4779 407 4854 Credibile
420 4781 635 4879 igiturnobis
648 4783 782 4859 videtur
800 4811 985 4885 pronomen
1062 4789 1242 4888 Repertus.
1272 4789 1385 4878 Quum
1407 4791 1498 4863 enim
1522 4789 1637 4888 plures
1659 4817 1698 4864 ex
1719 4790 1914 4891 Hieronymi

136 4917 204 4979 coe,
231 4921 272 4970 ex
297 4914 524 4972 correctorum
551 4900 740 4990 sententia,
762 4927 828 4975 non
846 4901 986 5002 quideni
1061 4929 1183 4980 comm.
1211 4905 1430 4980 adnotassent
1447 4905 1489 4978 ad
1509 4905 1695 4980 Phoenices
1712 4905 1917 5006 pertinuisse

142 5007 433 5099 invenimtott.
456 5015 516 5088 sed
530 5015 565 5086 in
578 5017 638 5088 ts.
662 5016 844 5091 delendum
862 5018 981 5094 irrisae.
1061 5019 1176 5107 urbes,
1205 5019 1385 5119 dequibus
1400 5013 1457 5093 hic
1470 5043 1580 5094 sermo
1593 5037 1663 5105 est;
1680 5019 1816 5094 hineex
1828 5043 1918 5093 mar-¹

139 5119 283 5200 Ceterum
309 5126 403 5200 band
429 5127 614 5203 diffitemur
637 5128 833 5206 hebraicum
858 5148 984 5208 textum
1061 5133 1140 5230 gine
1157 5134 1261 5208 rerba
1277 5134 1336 5208 illa
1353 5135 1389 5206 in
1407 5149 1532 5208 textum
1551 5134 1731 5234 irrepsisse
1755 5134 1917 5209 credibile

140 5233 282 5317 boolooo
296 5265 481 5341 pronomen
503 5243 587 5318 illud
610 5263 739 5335 tacere3
768 5265 814 5335 at,
839 5251 888 5322 uti
908 5273 987 5349 pro-
1061 5249 1208 5324 ridetur.

139 5351 175 5426 be
192 5358 428 5434 animadvertit
440 5360 678 5450 llartianaeua,
695 5389 764 5436 non
783 5365 889 5438 tacuit
906 5363 986 5439 Hie·
1112 5363 1171 5437 tt.
1199 5361 1457 5441 save-codd.
1484 5361 1521 5452 F,
1542 5365 1588 5452 (l,
1609 5363 1655 5450 ll,
1675 5362 1712 5450 S,
1733 5363 1758 5436 Τ
1784 5381 1819 5438 et
1833 5380 1911 5438 vett.

140 5495 312 5571 mnymus:
330 5475 475 5550 latemur
486 5502 622 5577 quoque
634 5477 720 5550 illud
733 5503 802 5551 non
814 5478 879 5576 legi
893 5481 985 5578 apud
1061 5479 1140 5552 edd.
1170 5504 1236 5553 nou
1263 5505 1393 5578 paucae
1406 5481 1521 5578 legunt
1534 5479 1645 5564 Sube;
1667 5478 1753 5552 binc
1777 5478 1852 5552 eod.
1885 5479 1916 5549 ll

139 5583 310 5662 Aloninum
334 5589 379 5678 C,
409 5592 514 5678 tto„
542 5607 576 5668 ot
600 5591 835 5689 Angelomom.
864 5593 983 5666 llirnm
1062 5610 1172 5668 notat:
1197 5589 1316 5668 «Saue
1330 5621 1391 5693 per
1402 5623 1469 5670 oco
1480 5593 1649 5682 scribitur,
1671 5619 1738 5666 non
1753 5618 1812 5692 per
1827 5593 1912 5676 tert,

140 5716 243 5776 anum
270 5722 324 5780 est
344 5705 514 5803 Angelum
540 5706 649 5782 llooca
675 5707 707 5793 l,
737 5708 843 5794 288.,
870 5723 909 5780 ut
932 5707 991 5781 ali·
1069 5727 1143 5782 not
1158 5709 1242 5783 dicit
1259 5709 1428 5786 hebraeus
1442 5725 1475 5786 'et
1487 5711 1724 5809 Hieronymus.
1744 5731 1768 5778 ι’
1790 5707 1916 5782 CodN
2028 5813 2030 5816 Ι

142 5841 240 5911 quam
266 5822 428 5920 proferret
452 5823 616 5898 rationein
641 5823 799 5922 expuncti
825 5824 992 5922 pronomi·
1066 5825 1185 5898 Soola.
1216 5823 1266 5897 Cf.
1296 5851 1400 5924 supra
1426 5825 1468 5898 ad
1492 5826 1612 5899 versic.
1643 5828 1677 5896 li.

1725 5948 1746 5990 {a
