4748 6680
475 488 545 560 160
1160 489 1450 569 susstinens.
1476 492 1568 568 XIV.

475 637 658 738 guantibus
684 638 963 738 hieronymianae
982 640 1148 715 versionis
1167 640 1327 729 testibus,
1456 640 1736 717 hil-tontumdtm
1751 641 2175 741 pecuniae-brev.-llotb³.
2190 639 2256 718 I.c.

477 753 726 846 reformandum
742 779 808 835 non
825 754 945 828 luisse.
962 754 1065 840 llinc,
1083 771 1270 853 quumno'n
1288 755 1331 836 de
1408 757 1607 834 tantumdem
1621 759 1854 856 pecuniarum
1865 757 1942 832 cod.
1954 759 2193 855 ll'tnntumquc
2209 785 2264 855 pe-

479 896 565 943 nova
583 871 855 968 interpretatione
870 869 1067 951 adornanda
1082 887 1253 968 ageretur,
1270 873 1331 948 sed
1407 873 1533 945 cunilae.
1551 874 1615 946 Pro
1631 874 1784 956 entium,
1800 871 1900 946 codd.
1914 871 1957 958 A,
1972 872 2259 948 vnenueersm.

478 984 577 1074 unice
599 982 644 1055 de
663 983 870 1058 restituenda
894 984 1332 1084 hieronymiana,'recte·se
1430 1025 1441 1060 κ
1457 985 1547 1060 nid:
1565 1001 1598 1064 et
1613 989 1734 1064 -nsino'e'
1748 1026 1797 1044 --
1813 988 1930 1062 Utrum
1957 985 2139 1060 nsixnnis
2165 984 2263 1059 illata

480 1097 669 1196 gregoriani
691 1116 869 1194 gesserunt
888 1099 968 1170 dum
990 1100 1139 1199 antiquis
1158 1101 1332 1180 codicibus
1408 1100 1508 1174 luerit
1526 1100 1611 1176 haec
1626 1100 1724 1177 lectio
1740 1101 2066 1197 ambigimusseutat
2083 1115 2197 1174 umen
2217 1099 2265 1170 in-

392 1223 395 1230 ’
482 1213 559 1312 plus
574 1214 775 1300 tribuerunt,
785 1235 887 1312 quam
903 1214 1014 1288 allatis
1027 1217 1233 1312 argumentis
1246 1241 1333 1292 com-
1409 1232 1462 1294 ter.
1484 1233 1633 1290 caeteras
1663 1216 1797 1296 illorum
1827 1217 2050 1294 correctiones
2079 1215 2114 1287 iu
2145 1215 2264 1288 codiee

480 1329 562 1404 moti
582 1329 661 1402 sint.
679 1331 859 1416 Praeterea
879 1355 1060 1428 perperam·
1073 1332 1204 1406 censuit
1223 1333 1333 1407 llocca
1356 1319 1357 1324 ¹
1408 1331 1588 1408 carafiano.
1612 1331 1815 1428 Ambigeodi
1841 1331 2031 1404 rationalia:
2046 1345 2099 1403 est
2124 1330 2163 1402 in
2189 1329 2264 1427 ipsa

482 1469 620 1524 sensum
631 1442 765 1540 Vulgnti
781 1444 847 1516 sihi
863 1468 930 1518 non
943 1444 1140 1530 cohaerere,
1157 1472 1332 1545 perperam
1409 1446 1606 1544 scriptione,
1623 1443 1773 1544 quaneh
1790 1445 1905 1524 alienu
1924 1445 2199 1542 manu‘pr'ole'cta
2214 1446 2264 1517 vi-
2369 1525 2370 1552 ,

481 1558 748 1646 existimavit'ad
768 1558 964 1632 hebraicum
986 1573 1109 1634 textum
1132 1561 1279 1640 revocari
1301 1561 1332 1636 si
1410 1561 1524 1647 detur;
1540 1559 1608 1636 alia
1624 1559 1659 1634 in
1675 1586 1715 1634 eo
1732 1560 1917 1658 quodheic
1931 1560 2065 1634 obstent
2082 1559 2265 1632 dominen-
2369 1560 2370 1638 l

484 1673 614 1769 legatur
638 1673 828 1755 demittctis.
853 1673 1059 1758 Recolantur
1079 1701 1168 1773 quae
1189 1701 1266 1756 tuor
1293 1701 1334 1748 ex
1411 1689 1464 1761 ta,
1492 1674 1618 1774 quihus
1648 1689 1809 1772 perpetuo
1841 1675 2030 1748 innituntur
2061 1673 2264 1748 siminorum·

483 1787 595 1874 Toleto
615 1787 841 1864 recitavimus.
857 1789 970 1861 Potuit
987 1816 1102 1867 revera
1122 1817 1151 1870 s.
1169 1790 1335 1890 Hierony·
1411 1787 1776 1892 lectionesaQuidquid
1791 1805 1902 1864 autem
1918 1789 1963 1864 sit
1976 1789 2019 1862 de
2034 1788 2139 1861 huius
2154 1787 2265 1860 lectio

482 1926 559 1992 mus
574 1900 722 1977 latinum
741 1901 918 1988 dimittere,
937 1903 1093 1984 hebraico
1112 1919 1181 1982 niti
1202 1913 1335 2002 (pepen-
1411 1905 1466 1978 nis
1481 1893 1632 1990 auctore,
1649 1903 1741 1980 illam
1756 1905 1886 2004 primus
1897 1904 2006 1978 edidit
2017 1903 2147 1988 Sintiis,
2161 1919 2264 2000 atque

430 2029 433 2048 '
484 2000 552 2104 citl
569 2015 633 2088 hoe
650 2015 724 2088 loco
745 2017 977 2117 aequiparare.
993 2019 1175 2098 Verborum
1192 2022 1335 2096 enimin
1411 2045 1452 2096 ex
1469 2020 1621 2094 eiusdem
1641 2019 1790 2092 editione
1808 2019 2090 2094 adzclemeutina's
2109 2016 2261 2090 transiit:

485 2153 583 2202 sacro
600 2143 690 2202 textu
706 2132 909 2204 sensualiste
926 2132 1203 2232 deprehenditur:
1219 2137 1337 2234 Supel-
1411 2134 1501 2207 hauc
1530 2133 1682 2206 eamdem
1711 2133 1935 2206 exhibuerunt
1964 2131 2104 2231 quidem
2129 2129 2266 2204 Ilartie-
2369 2143 2370 2146 ’

427 2249 429 2256 ’
486 2244 606 2326 teretur
630 2245 791 2318 iacturam
816 2265 909 2344 aegre
934 2249 1098 2346 ecferte,
1122 2252 1336 2349 quinncmpe
1413 2259 1519 2326 naeus
1535 2264 1568 2322 et
1579 2247 1780 2334 Vallensium
1795 2262 1829 2320 at
1841 2248 2056 2322 vehementer
2067 2245 2266 2321 dubitamus

486 2381 687 2456 omncsepes
708 2361 849 2458 Aegypti
867 2377 991 2434 emmae
1013 2379 1119 2436 erunt.
1139 2365 1191 2439 CI.
1206 2365 1338 2439 Calme-
1412 2379 1524 2438 utrum
1549 2389 1688 2438 suornm
1712 2363 1869 2449 codicum
1894 2363 1997 2438 fidem
2021 2360 2188 2436 hec-loco
2214 2385 2267 2432 se·

489 2489 566 2558 tus,
587 2473 665 2558 Ich,
687 2473 838 2552 Clericus
851 2535 869 2563 ,.
882 2478 1028 2565 llaumr,
1050 2479 1255 2568 Schroeder,
1275 2481 1338 2554 Ge-
1413 2479 1509 2578 qunti
1528 2479 1608 2552 sint.
1622 2480 1732 2552 vlincea
1747 2477 1771 2552 l.
1789 2503 1819 2552 c.
1836 2477 1970 2551 scribit:
1986 2479 2053 2550 «In
2068 2475 2190 2550 bibliis
2206 2476 2266 2548 im·

487 2589 618 2670 senius.
644 2588 746 2687 Atqui
769 2591 800 2664 si
821 2617 919 2688 aegre
937 2619 1010 2666 eam
1024 2596 1206 2683 tulissent,
1221 2598 1338 2695 utique
1417 2593 1579 2692 »pressis
1604 2594 1726 2690 legitur
1746 2595 2037 2690 etnsinostquaa
2061 2616 2146 2664 sane
2167 2590 2269 2666 lessio

488 2704 738 2802 pepercissent,
754 2731 868 2779 secum
884 2734 957 2782 eam
974 2709 1214 2808 supellectilem
1230 2711 1265 2787 in
1278 2713 1340 2786 Ae·
1359 2703 1361 2708 ’
1417 2709 1687 2806 »congruentior
1711 2724 1883 2794 censetur,
1906 2707 2084 2780 hebraicae
2105 2733 2269 2804 graecae·

488 2835 632 2918 gyptum
664 2819 868 2895 deserendo:
905 2836 1006 2898 recte?
1025 2825 1141 2924 itaque
1173 2828 1339 2926 Iosephus
1417 2851 1519 2924 nque
1543 2823 1676 2899 lectioni
1703 2823 1923 2923 respondens.
1939 2853 1956 2891 n
1974 2823 2025 2894 De
2049 2821 2216 2896 hebraica
2239 2839 2272 2894 et

489 2933 629 3018 mandat
643 2935 803 3016 iratribus
815 2937 883 3013 Nec
899 2937 1090 3025 dimittetis,
1107 2967 1169 3016 seu
1183 2942 1251 3016 Nec
1263 2949 1340 3041 pce
1414 2965 1535 3037 graeca
1549 2939 1691 3014 lectione
1704 2963 1782 3014 mor
1795 2963 1952 3036 agemus;
1968 2937 2102 3010 interim
2114 2937 2271 3012 animad-

481 3051 573 3142 cctis
595 3064 658 3123 etc.
680 3050 745 3135 Qui
763 3052 894 3150 vulgati
915 3053 1019 3128 verba
1039 3055 1107 3131 alio
1127 3083 1231 3132 sensu
1252 3061 1341 3132 acci-
1415 3069 1505 3128 verte
1518 3051 1627 3126 biblia
1641 3052 1818 3152 impressa,
1834 3050 2015 3150 dequibus
2028 3049 2271 3150 heicloqnitnr

489 3162 587 3262 piunt
605 3191 626 3238 a
645 3164 785 3238 veritate
801 3165 901 3262 longe
920 3166 1041 3243 abesse
1057 3171 1226 3245 videntur,
1241 3175 1342 3246 Deni-
1416 3170 1540 3258 Rocea,
1557 3189 1624 3242 non
1640 3167 1710 3242 elia
1726 3192 1802 3242 esse
1817 3166 1885 3240 nisi
1896 3167 2063 3240 ¹editiones
2079 3166 2165 3240 Sint
2178 3167 2220 3238 V.
2239 3183 2271 3239 et

490 3301 557 3375 que
583 3278 881 3358 animadvertimus
907 3283 975 3356 duo
1001 3284 1105 3359 verbe
1124 3287 1284 3361 dimittere
1308 3305 1342 3363 et
1417 3283 1599 3358 Clementis
1615 3284 1702 3355 VIII.
1718 3281 1829 3355 Nostri
1847 3297 1957 3354 numm
1975 3281 2110 3354 codices
2127 3297 2162 3354 et
2177 3297 2272 3356 vete-

490 3391 655 3470 demittere
672 3421 713 3468 er
729 3397 986 3471 amanuensium
1004 3399 1137 3474 incuria
1150 3404 1342 3501 promisoue
1417 3423 1471 3475 res
1484 3399 1649 3473 editiones
1667 3396 2103 3494 hilariam.diepertiuntur;
2120 3405 2205 3468 nam
2217 3420 2272 3470 ve

491 3525 655 3608 usurpata
668 3509 793 3597 luisse;
808 3510 900 3586 unde
914 3513 1009 3588 Beda'
1020 3514 1056 3586 in
1071 3515 1157 3591 libio
1171 3517 1210 3589 dc
1229 3520 1343 3593 Ortho-
1418 3515 1575 3590 tustiores
1591 3512 1718 3586 habent
1731 3513 1917 3612 er'sueirms,
1934 3510 1986 3583 uti
1999 3508 2099 3584 codd.
2111 3510 2152 3596 tl,
2169 3511 2208 3597 n,
2226 3511 2268 3596 ll,

490 3625 633 3720 graphio
647 3625 874 3700 necessarium
887 3626 981 3701 ducit
994 3631 1223 3726 praescribere
1235 3659 1340 3706 unum
1415 3631 1457 3718 ll,
1474 3631 1505 3716 l,
1522 3630 1567 3716 ll,
1586 3629 1620 3715 S,
1636 3626 1722 3700 ΒΜ·
1738 3627 1962 3711 venusto,
1978 3626 2076 3721 fleg-2
2092 3625 2193 3710 11⁰2,
2210 3649 2273 3721 ΡΘ·

490 3733 535 3808 ab
558 3736 663 3812 altero
687 3765 764 3812 esse
788 3738 1079 3837 distinguendum
1094 3744 1144 3817 ct.
1161 3745 1206 3818 ad
1233 3747 1337 3820 Exod.

490 3849 561 3936 llL,
580 3853 614 3922 3.
632 3851 713 3924 Cod.
732 3850 770 3934 ΟΙ
786 3869 898 3927 monet
915 3871 1048 3932 'veteres
1074 3856 1184 3955 legere
1196 3861 1343 3959 supelle-

492 3965 579 4048 ctili,
597 3966 661 4038 etsi
678 3966 770 4040 iuxta
789 3968 997 4043 Prisciauum
1018 3971 1235 4048 scribendum
1251 3992 1344 4051 esset

490 4079 700 4177 supellectile.

522 4219 525 4226 ’
544 4197 603 4276 21,
623 4196 1007 4296 Fecerurttqu‘cr-Codd.
1024 4205 1061 4289 ll,
1079 4203 1117 4292 C,
1133 4205 1174 4292 D,
1191 4205 1231 4292 ll,
1248 4207 1283 4294 F,
1301 4207 1340 4294 G,

492 4311 537 4398 0,
558 4311 601 4416 ll,
619 4313 658 4399 S,
675 4314 712 4401 T,
729 4315 768 4402 U,
785 4316 822 4402 ll,
839 4315 924 4389 Bihl.
943 4316 1080 4408 Ordin.,
1100 4321 1215 4418 Ilugo,
1227 4321 1346 4396 ‘Raba-

494 4452 577 4514 nus,
596 4426 775 4507 Guibertus
795 4431 963 4510 Fecerunt.
981 4432 1044 4507 Pro
1062 4435 1254 4509 mandatnm
1274 4437 1346 4535 [uc-

494 4555 564 4624 rnt,
581 4540 752 4640 Remigius
773 4546 892 4624 autiss.
909 4549 1019 4646 [verm
1039 4552 1244 4649 imperatum.

528 4658 604 4728 dh.
626 4659 776 4756 Singulis
795 4665 1115 4759 quoque-Sixtini,
1132 4665 1231 4738 codd.
1247 4665 1288 4751 Α,
1303 4666 1341 4752 Β,

495 4770 538 4856 C,
559 4773 601 4858 l),
623 4775 668 4861 Ε,
690 4776 726 4863 F,
745 4776 786 4863 G,
808 4778 855 4865 Η,
876 4779 920 4866 O,
941 4781 982 4869 S,
1003 4782 1045 4868 T,
1066 4783 1111 4868 U,
1131 4784 1228 4858 brev.
1245 4781 1342 4855 Goth.

496 4912 531 4984 p.
546 4889 646 4975 ltu,
660 4889 866 4981 Eucherius,
882 4894 1058 4982 hebenus,
1076 4896 1254 4971 Guibertus
1270 4899 1348 4970 Sin-

494 5002 663 5100 gelimam
679 5005 774 5082 Bibl.·
784 5006 903 5080 Ordin.
920 5012 1143 5112 qualcmter
1158 5039 1294 5112 quoque.

547 5115 634 5193 Ibid.
657 5122 1011 5198 trecentos-Isidorus
1023 5127 1062 5210 v,
1081 5129 1179 5212 344„
1196 5126 1289 5200 Beda
1301 5126 1344 5212 ll,

500 5233 583 5306 269.
600 5233 653 5317 IV,
671 5236 771 5324 352,
787 5238 950 5313 Martinus
966 5241 1092 5340 legion.
1105 5241 1245 5330 CCVIII,
1262 5245 1345 5314 869.

500 5350 649 5447 triginta.
667 5347 794 5426 Omnes
811 5370 890 5430 vett.
906 5366 985 5430 cum
1003 5380 1100 5430 sacro
1116 5371 1207 5429 textu
1224 5372 1259 5430 et
1272 5354 1350 5430 vut-

498 5481 577 5562 g'ato
601 5471 820 5560 conveniunt,
838 5487 976 5571 excepto
994 5497 1148 5560 armeno,
1165 5473 1224 5570 qui
1249 5470 1351 5545 habet

1419 3744 1575 3818 steriores
1599 3740 1677 3814 edd.
1694 3739 1932 3838 messapus,
1955 3737 2033 3825 alh,
2051 3739 2148 3812 llrev.
2164 3736 2267 3812 Gom.

1418 3860 1442 3931 l.
1458 3885 1505 3946 o.,
1522 3857 1697 3931 Rabanna:
1715 3854 1836 3955 reliqui
1855 3879 1934 3927 vero
1953 3854 2070 3949 legunt
2087 3854 2119 3924 ei
2135 3853 2267 3934 asinos,

1419 3974 1468 4048 uti
1490 3973 1590 4047 codd.
1607 3972 1645 4058 C,
1659 3972 1701 4058 l),
1719 3971 1756 4058 F,
1771 3971 1796 4040 h
1817 3972 1894 4054 ts,
1911 3967 2014 4056 0,·0,
2032 3968 2069 4054 T,
2086 3967 2180 4055 ut,
2197 3993 2274 4040 con

1419 4090 1598 4164 rectoriam
1623 4085 1858 4170 sorbonicum,
1879 4084 1966 4156 Bihl.
1990 4081 2134 4170 Ordin.,
2159 4083 2268 4179 Lugd.

1420 4207 1545 4291 1522,
1562 4204 1699 4303 priores,
1710 4201 1790 4275 edd.
1803 4200 1887 4274 llobz
1899 4199 2031 4300 steph,
2048 4198 2122 4286 all.,
2137 4197 2274 4272 Euche-

1420 4321 1509 4406 rius,
1529 4317 1720 4416 Guibertus,
1736 4316 1954 4390 comesne
1964 4313 2015 4386 l’ii
2031 4314 2070 4384 V.
2082 4312 2270 4386 ⁴adnotave-

1420 4450 1496 4508 rant
1518 4432 1617 4506 codd.
1636 4434 1695 4504 ts.
1711 4431 1906 4528 legemem,-
1925 4429 2038 4516 hehr.,
2055 4451 2215 4524 graecum
2241 4443 2273 4498 et

1420 4548 1520 4624 codd.
1538 4551 1596 4620 ts.
1618 4545 1727 4644 legere
1748 4546 1795 4630 ei;
1813 4545 1972 4642 hancque
1996 4555 2200 4644 postremam
2227 4539 2274 4613 le-

1386 4648 1390 4658 ⁵
1422 4665 1565 4739 ctionem
1590 4660 1828 4761 praetulerant.
1848 4660 1985 4734 Iatinos
2010 4674 2113 4733 testes
2134 4656 2276 4758 protuli·

1422 4808 1521 4854 mus:
1552 4781 1619 4853 iam
1648 4777 1889 4878 inquirendum
1914 4793 1967 4850 est
1993 4775 2077 4876 quid
2107 4773 2150 4848 de
2178 4799 2276 4848 sacro

1421 4911 1531 4982 textu,
1550 4895 1767 4994 antiquisque
1784 4891 2023 4993 interpretibus
2043 4889 2271 4963 sentiendum.

1423 5012 1487 5083 Pro
1505 5035 1545 5082 eo
1566 5008 1658 5109 quod
1674 5007 1835 5103 Vulgatus
1856 5005 1938 5105 legit
1960 5004 2160 5078 tantumdem
2175 5031 2277 5102 pecu-

1423 5128 1497 5198 niae
1522 5138 1552 5198 et
1575 5125 1713 5197 uestium
1736 5125 1866 5197 mittens
1886 5125 1982 5221 petri
2003 5145 2078 5204 cuo,
2096 5119 2223 5194 addens
2248 5133 2276 5190 et

1424 5243 1534 5314 asinos
1553 5240 1675 5323 decem,
1694 5236 1860 5314 hebraeus
1880 5236 1982 5312 hahet
1998 5251 2129 5309 tantum
2148 5221 2275 5311 russii

1424 5368 1553 5434 nrnnrr
1570 5358 1798 5436 niernum
1816 5343 1916 5440 nte,
1933 5377 2054 5450 nempe
2065 5365 2097 5424 e
2107 5351 2204 5448 pam
2220 5377 2278 5424 sn

1425 5473 1516 5548 misit
1538 5471 1691 5546 similiter
1712 5471 1819 5544 decem
1843 5471 1964 5542 asinos.
1988 5467 2216 5567 Hieronymus
2243 5468 2277 5538 in

499 5583 712 5764 quingentos,
737 5600 772 5659 et
795 5587 864 5660 duo
890 5587 1000 5685 graeci
1032 5585 1130 5662 codd.
1153 5585 1213 5686 qui
1238 5585 1352 5682 legunt
1427 5587 1566 5688 primis,
1595 5585 1774 5686 supposita
1802 5581 2070 5684 interpunctione
2099 5596 2178 5680 post
2204 5604 2280 5655 ver·

527 5692 742 5783 conculcet,
761 5724 864 5800 mam
888 5700 1065 5776 lectionem
1089 5726 1230 5798 graecus
1251 5701 1351 5776 scho-

502 5807 618 5887 liastes
636 5839 715 5913 syro
733 5813 860 5890 tribuit.
878 5814 929 5890 (ll.
946 5815 1100 5892 Nobilius
1117 5831 1151 5890 et
1167 5815 1346 5892 hlontlaue.

1426 5703 1507 5776 hum
1523 5703 1691 5784 similiter,
1709 5698 1930 5800 hoceapunit
1947 5698 2095 5778 referens
2116 5695 2160 5769 ad
2181 5720 2280 5795 pecu-

1427 5817 1519 5890 niam
1537 5832 1571 5891 et
1587 5829 1715 5902 vestes,
1729 5815 1775 5888 de
1791 5814 1916 5914 quihus
1929 5813 1974 5886 ‘iu
1992 5811 2158 5912 superiori
2176 5810 2280 5886 versi·
