4830 6678
895 521 1214 600 raotltaotttat
1818 520 1955 596 llllell

156 669 249 754 'aad
275 673 393 755 finem
421 671 581 754 undem
609 675 695 781 ipsa
722 676 844 755 totius
865 672 1021 754 Veteris
1046 675 1232 784 Novique
1254 673 1494 756 Testamenti
1524 669 1719 778 producta
1747 687 1805 753 ast
1828 701 1960 755 emen-

159 831 177 872 υ
194 796 326 892 datio,
348 825 467 904 quam
486 823 641 877 summo
659 797 840 878 Pontifici
858 797 973 882 Sixto
992 799 1044 878 V.
1065 801 1211 882 obtulit
1230 799 1415 880 idemmet
1433 794 1552 880 Card.
1569 795 1722 878 Carasa.
1740 827 1759 870 a
1780 798 1838 903 (r)
1856 799 1959 882 Pou-

155 920 248 999 tilex
278 921 419 1026 igitur,
447 939 612 1028 accepto
639 921 798 1021 codice,
826 921 966 1004 sedulo
992 925 1103 1004 illuru
1129 925 1353 1006 examinare
1379 949 1586 1029 aggressus
1612 939 1692 1017 est,
1722 922 1803 1017 vel,
1833 940 1877 1000 ut
1901 925 1961 1002 ‘ait

156 1045 285 1124 llocca
304 1050 357 1151 (t.
375 1073 414 1126 a.
431 1074 474 1153 p.
493 1047 631 1151 273.),
645 1048 846 1155 paginam
864 1048 1032 1154 perlegit
1055 1048 1279 1128 uuiversum
1299 1065 1335 1128 et
1353 1046 1599 1138 emendavit;
1622 1044 1768 1124 seilicet
1786 1071 1831 1126 ea
1850 1061 1960 1126 riscus¹

156 1186 236 1247 erat
264 1172 404 1249 summi
427 1171 629 1277 pontificis
656 1173 826 1252 aliorum
848 1199 931 1252 esse
953 1170 1100 1253 debere
1128 1173 1256 1255 varias
1278 1171 1468 1250 lectiones
1495 1167 1547 1250 ad
1572 1184 1823 1276 opportunas
1847 1171 1963 1252 casti-2

154 1293 331 1397 gatioues
351 1293 551 1374 iaciendas
577 1295 783 1401 colligere,
806 1295 871 1374 sui
895 1323 989 1376 vero
1015 1296 1189 1374 muneris
1211 1293 1406 1373 delectum
1433 1321 1481 1372 ex
1510 1292 1558 1370 iis
1579 1291 1726 1373 babere
1745 1293 1891 1398 (prout
1918 1293 1961 1370 in

156 1415 281 1522 ipsius
308 1417 617 1512 constitutione,
638 1445 730 1524 pag.
749 1417 841 1521 -3.);
866 1419 1001 1524 itaque
1028 1445 1141 1498 orsus
1166 1435 1243 1508 est,
1275 1416 1557 1496 adiuvantibus
1584 1414 1793 1496 Francisco
1818 1415 1960 1496 Toleto

154 1555 191 1616 ct
215 1541 373 1644 Angelo
396 1541 547 1634 Rocca,
575 1538 788 1619 editionem
813 1567 923 1619 suam
947 1538 1156 1620 adornare.
1184 1539 1456 1618 Versabuntur
1479 1555 1576 1618 tunc
1602 1538 1792 1644 temporis
1815 1538 1856 1615 hi
1880 1537 1962 1619 duo

155 1663 227 1740 riri
253 1662 297 1740 in
327 1663 476 1769 palatio
499 1664 704 1758 vatican0,
726 1663 791 1743 ille
814 1679 861 1742 ut
881 1664 1142 1744 concionator
1168 1663 1429 1768 apostolicus,
1453 1662 1518 1740 hic
1544 1679 1745 1767 tamquam
1768 1659 1964 1746 librorum

154 1802 385 1882 corrector;
411 1803 552 1867 neuter
579 1813 693 1881 vcro,
716 1787 776 1867 uti
805 1809 925 1892 supra
950 1787 1011 1889 (§.
1034 1787 1126 1890 111.)
1147 1785 1369 1879 innuimus,
1396 1785 1499 1862 inter
1525 1783 1771 1865 consultores
1795 1784 1962 1866 sixtinae

155 1908 488 2015 congregationis
511 1908 915 2000 adnumeratus‘erat.
942 1909 1016 1988 His
1039 1909 1160 2012 igitur
1182 1935 1277 1988 usus
1304 1923 1363 1990 est
1386 1906 1568 1986 Pontifex
1591 1907 1672 1986 sive
1695 1905 1747 1987 ad
1765 1907 1895 2014 varias
1913 1907 1963 1991 le

159 2033 316 2112 stiones
337 2032 470 2114 denuc
493 2031 769 2127 excutiendas,
790 2033 869 2114 sive
892 2029 945 2112 ad
966 2033 1247 2138 impressorum
1271 2031 1488 2140 sphalmata
1511 2029 1779 2124 emendanda,
1805 2058 1888 2137 quo
1907 2033 1963 2112 ci·-⁸

154 2157 233 2234 tius
257 2156 326 2236 illa
347 2155 476 2236 Biblia
499 2158 540 2238 in
566 2159 694 2238 lucem
723 2157 951 2236 ederentur.
978 2157 1183 2238 Testatum
1210 2156 1303 2236 facit
1332 2156 1410 2237 hoc
1432 2156 1515 2262 ipse
1540 2157 1689 2249 Rocca,
1713 2155 1781 2234 ubi
1804 2153 1962 2241 sedicit

153 2279 405 2374 destinatum
428 2309 456 2358 a
477 2280 598 2360 Siata
617 2284 670 2375 V.
681 2340 695 2376 ,
719 2283 937 2362 Francirco
952 2282 1084 2362 ctiam
1112 2281 1248 2362 Toleto
1271 2309 1291 2360 e
1314 2307 1392 2360 soc.
1415 2281 1509 2358 Iesu
1534 2279 1800 2360 adlabornnte
1819 2297 1857 2358 et
1873 2309 1964 2360 oon-

150 2405 330 2499 sulente,
358 2406 572 2512 ipsumque
598 2407 841 2511 Pontificem
869 2405 1088 2486 adiuvante
1111 2409 1232 2511 (tom.
1256 2428 1293 2484 a.
1317 2433 1358 2511 p.
1381 2404 1521 2508 355.);
1546 2420 1586 2486 ct
1607 2403 1722 2482 alibi:
1747 2403 1964 2512 Biblioqua.

152 2527 322 2606 tandem
342 2528 572 2634 aliquando
593 2528 828 2622 amendata,
855 2530 962 2636 typis
991 2527 1233 2608 mandando
1255 2551 1339 2606 aon
1361 2526 1679 2620 ramelcurcain
1699 2525 1753 2603 ita
1776 2523 1825 2606 de
1852 2553 1895 2605 se
1921 2527 1963 2611 iu

153 2654 273 2732 tertia
302 2679 473 2759 persona
504 2652 705 2758 loquitur,
728 2652 798 2732 ubi
825 2651 987 2736 adverte
1021 2649 1122 2732 illud
1152 2681 1235 2732 nou
1266 2650 1390 2730 semel
1417 2647 1467 2728 ad
1498 2648 1613 2730 binas
1640 2646 1835 2738 editiones
1855 2650 1964 2732 sixti*

153 2803 246 2854 uam
275 2791 316 2853 ct
340 2773 614 2856 clementinam
636 2775 794 2869 referri,
816 2776 919 2856 sicut
939 2775 1057 2855 ctiam
1081 2765 1183 2858 idem
1209 2775 1426 2880 respiciunt
1443 2773 1567 2866 verba
1585 2801 1690 2879 quae
1712 2795 1964 2883 sequuntur;

152 2899 470 3007 ypogrnplticae
495 2899 729 2988 correctioni
754 2927 805 2978 em
832 2923 1087 2981 romanorum
1114 2899 1360 3006 pontificum
1394 2897 1589 2978 mandato
1617 2927 1777 3007 operam
1808 2905 1965 2983 novavit

154 3027 282 3130 (tom.
309 3051 344 3102 1.
366 3051 458 3129 pag.
480 3023 616 3126 aas).
645 3024 771 3102 Porro
798 3049 847 3104 ex
874 3023 952 3102 hoc
977 3040 1177 3129 postremo
1204 3023 1293 3102 loco
1317 3021 1491 3104 adducto
1513 3007 1569 3109 ¹de
1595 3023 1964 3132 scriptisoperibus

151 3148 300 3253 Angeli
334 3149 490 3228 Roecae
520 3147 621 3226 lucis
651 3145 803 3253 aliquid
835 3144 998 3253 affulget
1028 3175 1103 3261 pro
1135 3143 1364 3228 definiendo
1395 3172 1521 3240 anno,
1553 3173 1637 3254 quo
1673 3145 1807 3229 Sixtus
1836 3148 1964 3232 Biblia

152 3269 424 3380 imprimenda
458 3271 631 3378 primum
664 3268 832 3349 dederit.
870 3271 970 3350 Cum
1006 3272 1109 3350 enim
1147 3271 1331 3376 proxime
1368 3287 1458 3353 ante
1490 3271 1608 3350 citata
1645 3271 1766 3352 verba
1803 3271 1967 3354 dixisset

151 3397 312 3492 Rocca,
343 3423 386 3474 se
416 3423 439 3476 a
473 3421 629 3474 summo
662 3392 856 3472 Pontifice
883 3383 1075 3490 accitum,
1108 3412 1152 3472 ut
1180 3409 1377 3502 praeesset
1408 3392 1697 3500 typographiae
1725 3396 1964 3501 apostolicae

149 3547 261 3599 anno
291 3518 574 3596 MDLXXXV.
605 3518 834 3614 institutae,
866 3533 905 3598 et
932 3535 1095 3624 operam
1122 3545 1231 3596 suam
1259 3516 1478 3596 innumeris
1505 3516 1586 3596 l'ere
1613 3515 1818 3597 laboribus
1845 3519 1964 3601 refer-

149 3661 232 3722 tam
243 3702 255 3739 ,
280 3643 381 3722 inibi
400 3642 535 3722 decern
553 3641 635 3722 fere
654 3669 852 3722 annorum
871 3643 1000 3749 spatio
1021 3666 1202 3738 navasse3
1230 3642 1259 3718 si
1281 3640 1378 3720 haec
1396 3638 1653 3719 conferantur
1670 3667 1761 3720 cum
1779 3643 1856 3723 alio
1874 3643 1965 3728 loco

149 3772 277 3874 (tom.
303 3795 341 3846 2.
364 3795 406 3875 p.
434 3767 554 3870 355.)
578 3794 662 3874 quo
685 3793 759 3846 nos
784 3764 920 3860 docet,
947 3766 1052 3844 inter
1075 3765 1169 3862 alia,
1193 3761 1499 3871 descriptionem
1525 3763 1856 3846 accuratissimam
1880 3796 1902 3848 a
1923 3797 1964 3850 se

147 3907 379 3998 susceptam
410 3890 532 3970 fuisse
565 3891 767 3970 vaticanae
795 3890 1060 3971 bibliothecae
1094 3915 1168 3996 per
1193 3888 1347 3968 Sixtum
1373 3887 1659 3994 amplificatae,
1694 3909 1959 4000 ornatasque:

148 4016 316 4124 iamque
344 4015 555 4096 biennium
581 4015 622 4093 iu
653 4016 728 4094 hoc
755 4041 902 4120 genere
931 4014 1127 4097 laborasse
1155 4041 1246 4092 cum
1273 4011 1457 4093 Pontifex
1486 4012 1663 4092 emedio
1692 4042 1813 4096 eursu
1841 4015 1965 4096 illum

148 4142 361 4236 muravit,
390 4157 436 4219 ut
462 4138 681 4220 Bibliorum
707 4167 851 4246 nempe
871 4138 1084 4219 editionem
1106 4155 1279 4232 curaret,
1305 4152 1414 4244 patet
1441 4136 1519 4215 hoc
1545 4163 1667 4243 supra
1690 4165 1713 4218 a
1734 4139 1852 4218 nobis
1870 4167 1964 4248 pro·

145 4267 288 4371 posito
308 4264 480 4371 tempori
500 4263 736 4362 couvenirc3
761 4264 794 4342 si
819 4264 925 4342 enim
952 4291 1079 4342 unum
1106 4261 1158 4342 ad
1179 4263 1309 4342 minus
1330 4280 1371 4341 et
1393 4262 1561 4342 alterum
1582 4288 1734 4340 annum
1756 4264 1966 4348 bibliotte

27 4403 28 4412 ‘
146 4415 217 4470 cae
238 4385 503 4484 instruendae
524 4386 809 4496 ornandaeque
830 4386 969 4470 demus
997 4386 1181 4468 Pontifici
1209 4387 1321 4468 Sixto
1329 4443 1340 4484 ,
1364 4403 1456 4492 post
1482 4385 1606 4492 ipsius
1632 4380 1881 4487 electionem,
1902 4418 1964 4470 su·

146 4509 366 4618 peraddito
388 4509 552 4590 biennio
575 4511 801 4618 scriptionis
823 4529 1044 4618 assumptae
1067 4540 1089 4610 a
1110 4514 1262 4610 Rocca,
1284 4513 1363 4594 iam·
1383 4511 1448 4590 bic
1468 4538 1600 4595 annus
1621 4511 1965 4617 quingentesimus

146 4635 448 4752 octuagesimus
467 4662 600 4715 nonus
622 4663 742 4742 supra
765 4637 1015 4716 millesimum
1036 4663 1224 4742 praesens
1244 4634 1354 4716 adest
1375 4662 1496 4741 quem
1517 4633 1761 4714 dicebamus.
1785 4637 1964 4717 Diximus

143 4761 362 4841 biennium
380 4758 517 4838 saltem
536 4756 713 4838 dandum
733 4759 924 4866 operibus
943 4758 1146 4841 ornandae
1164 4759 1450 4856 bibliothecam
1476 4775 1631 4840 constat
1649 4761 1754 4839 euim
1777 4788 1827 4840 ex
1846 4763 1965 4869 eplte3

27 4941 28 4950 κ
146 4883 295 4964 meria.
325 4884 605 4990 manuscriptis
633 4883 830 4964 Gualterii
858 4886 934 4989 (in
963 4883 1202 4966 bibliotheca
1229 4883 1508 4964 vallicellianae
1534 4884 1621 4964 cccl.
1645 4886 1690 4978 I,
1715 4884 1809 4986 60.)
1829 4907 1963 4967 meuse

143 5009 269 5088 Febr.
301 5033 409 5086 anno
437 5006 774 5085 MDLXXXVlll.
805 5005 985 5086 nondum
1015 5009 1217 5088 absolutas
1245 5006 1364 5086 fuisse
1392 5007 1567 5113 picturas
1595 5007 1716 5086 illius.
1747 5005 1803 5085 Ut
1829 5013 1962 5090 omnia

144 5135 274 5239 igitur
307 5157 483 5238 congrue
515 5123 722 5238 aptentur,
745 5132 974 5226 asserimus,
998 5131 1185 5212 adversus
1207 5121 1448 5238 Prosperum
1472 5123 1693 5238 Marchand'
1710 5147 1749 5210 et
1774 5131 1960 5214 iacobum

142 5259 201 5338 Le
229 5257 369 5360 Long,
395 5281 443 5335 eo
470 5256 559 5362 ipso
586 5284 694 5336 anno
721 5253 850 5336 Biblia
871 5251 1042 5362 Vulgata
1069 5258 1206 5365 praelo
1234 5256 1412 5337 subiecta
1440 5254 1579 5352 fuisse,
1606 5283 1689 5362 quo
1717 5255 1842 5362 ipsius
1867 5285 1962 5338 con-

143 5383 309 5462 stitutio
325 5381 529 5459 Aeternam
554 5379 626 5458 ille
647 5379 738 5460 data
766 5379 855 5459 fuit.
883 5379 1289 5460 Animadvertendum
1315 5379 1510 5488 siquidem
1538 5395 1614 5474 est,
1635 5377 1788 5457 Sixtum
1807 5378 1859 5457 V.
1883 5403 1966 5459 maa

142 5507 282 5585 marius
310 5502 360 5583 dc
387 5505 674 5585 constitutione
701 5503 767 5583 illa
794 5503 992 5613 paranda,
1014 5515 1123 5620 'quae
1149 5508 1229 5586 suis
1255 5503 1393 5585 Bibliis
1415 5507 1751 5611 praeponeretur,
1772 5506 1966 5612 cogitasse,

256 5736 379 5800 uiuae
397 5733 507 5792 faciunt
526 5733 607 5792 verba
632 5736 705 5792 Petri
729 5735 832 5794 Morini
853 5735 884 5792 in
906 5734 1022 5806 spuma
1094 5687 1109 5786 »Ι
1128 5735 1268 5794 Flauinia
1286 5733 1413 5802 Nobilio,
1432 5733 1556 5792 Autome
1571 5733 1699 5806 Agsliio,
1718 5730 1830 5804 Laelia,
1847 5711 1965 5792 Valles-¹

142 5823 179 5880 ad
195 5820 326 5881 silvium
344 5822 537 5880 dumnissum
553 5838 638 5896 quam
657 5823 768 5897 saepiu
785 5823 911 5882 laudarit
924 5823 1020 5893 Uaga·
1093 5849 1106 5875 s
1127 5824 1224 5884 dicae
1240 5837 1300 5892 me,
1318 5818 1465 5882 detulisset
1484 5820 1685 5882 emendaturi
1703 5820 1810 5878 sixtum
1827 5821 1878 5888 V„
1897 5833 1961 5878 seca

143 5912 249 5970 rullius
263 5933 278 5960 ι
289 5911 361 5969 cum
379 5911 538 5972 Cardindia
549 5913 647 5974 &raia
663 5913 753 5974 utbtts
768 5913 875 5982 ,latium
890 5909 1024 5972 adhibitis
1096 5910 1294 5984 spondium
1313 5909 1442 5981 Gregorii
1462 5911 1535 5967 xtv.
1551 5917 1634 5969 stan

348 6009 431 6084 Tou.
458 6011 484 6080 l.
1744 6031 1759 6074 c
