4830 6678
880 524 1199 614 rnotnaoitttta
1825 531 1942 611 xillt

153 693 311 774 teamur,
338 675 470 766 minus
489 689 607 782 aptus
629 673 697 761 bic
718 671 843 757 videri
868 673 1024 771 debuit,
1047 703 1140 756 curn
1166 704 1249 756 uun
1275 673 1328 756 ad
1352 675 1623 780 tertium,sed
1646 677 1697 760 ad
1722 681 1947 767 secundum

151 815 282 880 statum
311 797 505 905 Vulgatae
532 797 700 890 forsitan
726 797 947 904 pertineat,
976 796 1079 878 ideat
1105 825 1157 881 er
1185 799 1342 879 Alcuiui
1371 801 1601 892 recensione
1629 830 1711 882 non
1740 803 1940 909 profluxe-

150 923 195 1002 rit
222 923 297 1027 (r);
331 925 434 1004 sicut
460 921 525 1002 ille
553 921 652 1003 alius
679 913 983 1014 vallicellianae,
1014 947 1133 1028 quern
1162 948 1215 1000 an
1249 921 1493 1002 consuluerit
1524 923 1662 1006 Carasa
1694 944 1941 1034 compertum

149 1073 221 1126 non
247 1044 441 1132 habemus
466 1047 537 1151 (a).
569 1046 641 1126 His
668 1047 722 1126 ita
749 1043 1007 1150 comparatis,
1035 1041 1218 1140 codicum
1246 1041 1495 1126 collationem
1524 1045 1741 1172 faciendam
1769 1052 1941 1158 suscepit

148 1166 184 1248 d.
206 1168 361 1248 laelius
387 1168 595 1274 theologus
617 1166 836 1250 Cardinulis
860 1166 1036 1250 Careiae.
1066 1165 1307 1246 Conferebat
1338 1195 1461 1273 porro
1486 1169 1573 1250 loca
1597 1169 1718 1252 dubia
1743 1200 1832 1252 cum
1854 1190 1938 1257 tex·

148 1292 245 1372 tibus
266 1292 456 1373 hebraico
478 1309 519 1372 et
541 1317 684 1397 graeco
708 1291 908 1372 Antonius
930 1288 1125 1395 Agellius,
1151 1290 1312 1370 seorsim
1336 1291 1500 1396 singuli:
1522 1290 1668 1373 deinde
1689 1321 1784 1377 vero
1807 1325 1940 1378 coram

148 1413 359 1512 Cardiuali,
384 1415 664 1522 praesentibus
686 1416 828 1512 ceteris
852 1414 1041 1497 omnibus
1055 1471 1065 1510 ‚
1097 1415 1178 1520 qui
1196 1414 1237 1492 iu
1266 1439 1350 1495 eam
1378 1415 1734 1522 Congrcgationcm
1763 1421 1940 1527 cooptati

147 1537 315 1634 fucrant,
336 1555 503 1644 excepto
525 1566 568 1645 p.
590 1538 769 1638 Roberto
790 1537 1030 1621 Bellarmino
1054 1538 1221 1620 honesta
1243 1537 1426 1619 missione
1447 1566 1470 1616 a
1494 1539 1684 1621 Pontifice
1704 1542 1748 1620 in
1769 1543 1939 1627 Galliam

147 1663 267 1742 misso.
290 1660 406 1761 Quid
434 1663 496 1745 isti
526 1678 612 1742 tuto
644 1662 725 1745 iere
755 1661 917 1745 biennio
947 1662 1238 1768 praestiterint,
1265 1661 1438 1741 consiliis
1468 1689 1514 1742 ac
1544 1663 1733 1768 regimine
1762 1665 1939 1746 eiusdem

146 1785 316 1883 Careiae,
342 1786 450 1866 testis
472 1801 532 1868 est
554 1784 683 1868 auden
709 1786 974 1882 bibliothecae
997 1787 1163 1892 collegii
1186 1813 1238 1864 ss.
1259 1783 1377 1866 Blasii
1402 1803 1441 1864 et
1466 1787 1596 1866 Caroli
1618 1787 1784 1882 Romae,
1808 1790 1933 1870 Clerr.
2033 1790 2040 1806 ’

145 1909 253 2015 Regg.
276 1935 310 1988 s.
332 1909 456 1990 Paulli
476 1908 794 2006 barnabitarum,
817 1910 1086 2016 complectens
1103 1909 1375 1990 correctiones·
1389 1909 1563 2016 aliasque
1581 1908 1623 1988 id
1642 1912 1795 2016 generis
1814 1941 1938 1996 anno-

144 2033 302 2110 tationes
322 2031 610 2137 manuscriptas
629 2032 672 2114 iu
693 2032 868 2138 margine
889 2033 1080 2112 editionis
1098 2033 1476 2140 praestantissimae
1493 2033 1683 2138 (lacubus
1701 2035 1757 2114 Le
1777 2033 1932 2146 Lung),

142 2153 421 2234 edacioribus
451 2154 772 2256 lovaniensibus,
801 2170 923 2260 atque
953 2155 1189 2261 praesertim
1221 2183 1243 2232 a
1272 2183 1318 2262 p.
1344 2156 1522 2243 Iohanne
1554 2156 1754 2238 chteniu
1784 2159 1937 2242 ordinis

144 2275 456 2382 praedicatorum
482 2293 641 2358 curatae
669 2278 711 2358 in
740 2273 855 2378 fulc,
882 2294 928 2356 ut
954 2279 1089 2376 aiunt,
1114 2278 1275 2372 maiori,
1304 2306 1414 2360 anno
1438 2278 1736 2361 lilDLXXXllI.
1763 2286 1935 2366 Antuer·

142 2399 220 2506 piae
244 2427 320 2508 per
347 2400 597 2500 Plautinum.¹
615 2402 673 2480 Ex
700 2399 835 2483 indole
861 2427 907 2480 ac
932 2400 1120 2480 methodo
1147 2402 1289 2482 harum
1319 2405 1643 2503 annotationum,
1668 2433 1771 2514 quae
1794 2435 1835 2488 se
1863 2437 1935 2516 per

142 2539 347 2631 utrumque
361 2524 660 2616 Testamentum
680 2524 912 2631 porrigunt,
928 2524 1162 2630 intelligitur
1179 2525 1350 2606 voluisse
1369 2527 1457 2611 illos
1474 2545 1716 2610 correctores
1735 2557 1784 2613 er
1804 2549 1935 2613 mente

138 2648 269 2727 summi
296 2646 497 2728 Pontificis
523 2648 861 2752 hieronymianam
892 2648 1131 2744 versionem,
1157 2645 1293 2754 quoad
1321 2650 1405 2728 eius
1433 2650 1517 2732 lieri
1543 2667 1715 2760 poterat,
1739 2654 1780 2734 in
1803 2655 1934 2762 pristi-

140 2795 226 2848 num
252 2796 462 2870 revocare,
487 2786 534 2848 ut
558 2770 647 2851 talis
671 2787 790 2865 esset,
814 2771 952 2877 qualia
974 2771 1158 2877 primurn
1180 2772 1232 2852 ab
1256 2773 1387 2880 ipsias
1416 2774 1643 2882 interpretis
1668 2805 1797 2863 manu
1820 2778 1933 2859 stilo-

137 2919 205 2998 qae
224 2892 433 3000 prodierat
459 2893 702 2998 (Constitut.
725 2892 827 2974 Sixti
850 2892 902 2972 V.
928 2910 1115 2974 aeternus
1143 2895 1232 2990 itta,
1263 2923 1299 2978 t.
1323 2895 1442 2976 Mart.
1472 2899 1586 3006 1589.
1602 2900 1631 3001 ).
1932 2883 1936 2897 ¹

984 3073 1022 3171 g.
1049 3071 1100 3149 v.

246 3229 510 3314 Sintinoram
536 3249 793 3312 correcturum
820 3261 1009 3312 canones.
1039 3231 1160 3312 Ratio
1187 3227 1260 3309 τοῦ
1287 3225 1564 3340 ἔπανορδωτοῦ
1590 3235 1804 3341 carufiunr‘.

230 3387 434 3488 Quoniam
461 3417 555 3470 vero
583 3390 819 3470 sixtinorum
848 3406 1117 3470 correctorum
1146 3417 1333 3496 praesens
1360 3390 1556 3472 industria
1583 3396 1836 3500 sequentium
1863 3425 1931 3476 cu·

136 3537 258 3590 rarum
285 3512 591 3596 tundamentum
609 3514 759 3609 estitit,
781 3540 886 3621 quae
904 3515 1009 3594 circa
1027 3513 1235 3620 Vulgatam
1254 3541 1383 3623 usque
1401 3512 1453 3596 ad
1471 3514 1713 3598 Clementem
1731 3519 1838 3604 Vlll.
1860 3518 1930 3615 irn-

135 3659 268 3738 pensae
292 3636 476 3736 fuerunt3
500 3664 646 3744 operae
669 3638 841 3744 pretium
864 3655 924 3718 est
945 3636 1168 3718 distinctius
1190 3637 1295 3718 illam
1315 3638 1555 3746 pleniusque
1578 3639 1786 3740 exhibere,
1812 3671 1931 3729 canu·

134 3782 197 3836 nes
218 3760 401 3867 quinque
424 3758 689 3866 proferendo,
708 3787 814 3866 quos
834 3761 889 3840 illi
912 3761 988 3842 sibi
1009 3759 1237 3869 sequendos
1260 3760 1477 3842 duxerunt.
1499 3763 1630 3842 Primo
1651 3764 1787 3872 itaque
1809 3765 1931 3857 libros

133 3905 276 3978 merus,
308 3909 414 3990 quos
440 3911 471 3966 s.
498 3883 765 3988 Hieronymus
790 3913 839 3968 ex
867 3886 1040 3966 hebraeo
1068 3885 1177 3966 iente
1205 3884 1426 3966 immediate
1453 3902 1645 3981 verterat,
1672 3915 1763 3968 eum
1790 3889 1927 3970 eodem

134 4023 321 4112 perpetuo
339 4007 618 4102 contulerunt,
640 4024 761 4114 atque
781 4007 829 4088 ad
855 4009 940 4090 eius
960 4035 1139 4090 normam
1160 4009 1272 4088 locos
1295 4009 1472 4118 singulos
1489 4012 1778 4093 accuratissime
1797 4040 1928 4094 emen·

131 4123 282 4210 darunt·
308 4124 513 4226 Secundo,
538 4130 612 4210 bac
635 4147 766 4211 tamen
794 4130 972 4212 adhibita
999 4133 1201 4230 cautione,
1226 4149 1271 4210 ut
1298 4133 1459 4214 nonnisi
1489 4151 1580 4242 post
1602 4134 1800 4242 inspectos
1821 4137 1929 4218 eodi-

225 4379 263 4443 (t)
282 4375 504 4450 immouterque
519 4375 765 4450 eude1,pauliuus
779 4391 879 4452 nempe
894 4375 990 4434 etval-
1064 4391 1117 4434 uus
1136 4375 1252 4434 fuerunt
1269 4393 1285 4434 a
1304 4377 1386 4435 nubis
1404 4363 1597 4435 describentur
1615 4377 1687 4436 inira
1705 4380 1735 4436 in
1754 4389 1849 4439 nostro
1866 4388 1927 4455 Ap·

132 4458 299 4534 liuallianns,
323 4463 359 4522 ad
384 4463 515 4522 eumdem
540 4473 643 4524 statum
670 4464 822 4526 certissime
850 4465 988 4538 pertinet,
1058 4471 1182 4539 parata.
1207 4466 1322 4522 interim
1347 4465 1595 4525 animadvertimus
1618 4467 1742 4526 codicem
1765 4468 1926 4529 vallicellia-

131 4557 238 4624 uterque
260 4553 338 4610 euim
362 4555 458 4628 procul
480 4555 567 4614 dubio
589 4571 621 4613 ex
646 4557 804 4614 alcuiniana
829 4557 990 4614 recensione
1061 4569 1130 4612 num
1144 4555 1626 4630 cerdmlmeasixtinisusurpatum
1638 4555 1926 4625 brisse31uculentum

130 4641 260 4710 prulluxit.
286 4641 375 4716 ldque
399 4644 467 4703 adeo
491 4645 637 4706 manifesto
662 4663 693 4704 ex
720 4653 815 4706 nostra
841 4645 991 4704 collatione
1062 4641 1211 4699 debuere
1230 4641 1365 4700 babemus
1378 4638 1490 4702 B'arunii
1508 4643 1702 4703 testimonium
1719 4643 1749 4700 in
1763 4644 1872 4702 Annei.
1885 4661 1928 4702 ec·

130 4739 248 4800 apparet,
265 4739 299 4789 ut
316 4733 419 4790 mirum
439 4731 525 4792 videri
542 4733 630 4808 possit
647 4734 844 4793 Blanchiuium
863 4737 988 4802 (Vindb
1059 4730 1127 4786 cles.
1146 4733 1188 4788 ad
1203 4745 1310 4787 annam
1328 4731 1443 4789 Christi
1459 4730 1788 4803 rra.§.xrtr11.,ubi,
1805 4747 1926 4790 comme·

129 4819 197 4888 aar,
207 4837 239 4894 p.
250 4825 428 4892 ecclia),
440 4837 525 4896 quern
538 4824 666 4898 sequitur
678 4823 875 4895 ngarellius,
890 4822 917 4880 id
933 4837 989 4881 nun
1062 4821 1176 4876 muratis
1196 4821 1309 4878 alcuini
1332 4819 1434 4878 studiis
1454 4821 1484 4878 iu
1505 4819 1701 4879 emendatione
1720 4821 1802 4878 latim
1824 4820 1927 4880 codicia

129 4909 285 4978 pervidisse:
305 4919 336 4967 at
352 4911 437 4969 nimis
456 4911 629 4972 confidenter
647 4921 731 4986 atquc
749 4913 875 4971 exinani
895 4913 989 4972 eunie-
1061 4905 1215 4966 Bibliurum
1234 4909 1312 4965 iussu
1330 4909 1422 4967 Caroli
1443 4910 1539 4982 Magni
1556 4909 1703 4981 praestita,
1720 4907 1829 4967 subdit:
1845 4934 1858 4960 a
1872 4913 1925 4968 Ex·

131 5001 200 5052 stura
221 4997 409 5058 blanchinius
431 4999 502 5057 illud
525 5001 655 5074 negavit3
679 4999 789 5058 codices
812 5001 887 5059 enim
912 5001 985 5074 ipsus

130 5085 244 5144 mulene
260 5088 340 5162 prius
356 5085 512 5159 debuisset,
530 5088 608 5162 quod
624 5105 779 5164 numquam
798 5091 857 5164 ipse
872 5089 988 5163 praesti·

131 5173 173 5243 tit,
188 5185 219 5233 ut
236 5185 312 5235 reete
329 5177 364 5236 de
383 5178 435 5238 hac
453 5179 616 5252 quaestione
633 5179 779 5238 iudicaret.
800 5180 918 5238 lllururn
937 5193 988 5237 au·

130 5271 179 5323 um
197 5267 327 5326 codicum
347 5270 437 5328 varias
457 5270 591 5329 lectiones
611 5284 663 5329 nos
682 5269 849 5344 proferimus
868 5269 922 5328 sub
942 5269 988 5326 lit·

131 5353 329 5414 lfflcdb

223 5451 262 5516 (2)
280 5447 397 5506 codices
416 5447 548 5519 biblicus,
567 5447 670 5521 quihm
689 5449 797 5508 romani
818 5455 987 5507 mouentes

131 5533 168 5588 usi
182 5545 262 5608 suut,
275 5537 499 5594 enumeravimus
513 5535 542 5592 in
557 5535 756 5594 Dissertatiuue
769 5537 857 5595 Sturii
866 5533 945 5606 sctit
957 5537 987 5591 ln

131 5622 209 5679 domu
230 5641 245 5682 e
267 5629 360 5681 mezzi
379 5627 459 5683 usati
474 5639 531 5698 per
550 5639 720 5698 concepere
741 5623 772 5680 la
793 5623 897 5680 astuta
918 5621 988 5680 Vui-

130 5711 206 5779 ματα,
217 5713 310 5769 Roma
325 5717 402 5770 1858.
415 5715 501 5780 (tum.
511 5713 573 5768 llll.
586 5727 682 5768 naara
699 5713 773 5768 serie
786 5711 836 5768 del
853 5707 991 5767 marucia

131 5799 341 5868 arcadicul,ubi
353 5800 443 5859 multa
454 5797 642 5874 supplevimus
654 5796 862 5872 ablingarelllu
873 5797 986 5856 omissa.

132 5883 312 5948 iuramenta
327 5889 423 5949 critica
441 5905 513 5963 quae
530 5890 638 5950 sirenis
655 5887 859 5948 correctoribus
876 5883 911 5944 ud
929 5901 988 5942 ma·

1059 5019 1072 5047 s
1092 5005 1147 5054 stat
1162 4994 1298 5054 eiusmodi
1313 5005 1390 5054 vetus
1404 4997 1559 5055 llibliurum
1579 4995 1680 5066 codex,
1698 4997 1810 5054 alcuini
1828 4995 1925 5069 labor,

1063 5109 1075 5136 i
1096 5085 1126 5142 ln
1144 5083 1329 5142 vallicelliana
1347 5093 1442 5142 uestra
1460 5083 1644 5154 bibliotheca,
1662 5085 1710 5142 ubi
1731 5084 1806 5142 reiut
1828 5085 1927 5160 ingens

1062 5199 1075 5225 ιι
1097 5173 1243 5232 thesaurus
1263 5171 1442 5245 adservatur,
1461 5181 1557 5246 utpote
1576 5173 1651 5247 quud
1671 5173 1720 5230 riri
1741 5171 1857 5242 eruditi,
1877 5173 1926 5248 qui

1063 5289 1075 5316 i
1096 5265 1126 5322 in
1143 5263 1338 5323 emendatione
1355 5263 1491 5338 vulgatae
1510 5263 1610 5320 iterum
1628 5269 1723 5321 nestro
1741 5269 1866 5335 tempore
1884 5263 1924 5318 la·

1063 5379 1076 5405 ·
1095 5353 1246 5423 burarunt,
1259 5368 1291 5411 eu
1302 5360 1335 5410 ut
1351 5351 1502 5426 antiquiori
1517 5361 1584 5409 sunt
1597 5351 1654 5422 usi,
1669 5351 1714 5408 uui
1734 5351 1926 5424 utplurimum

1059 5465 1072 5492 v
1093 5441 1288 5499 detulerunt.»
1303 5441 1393 5498 lmrnu
1412 5441 1529 5512 ipsemet
1542 5440 1656 5498 Toletus
1675 5441 1705 5496 in
1725 5439 1784 5496 suis
1804 5438 1923 5496 notatiu-

1056 5531 1155 5602 nibus,
1171 5547 1221 5589 suu
1238 5529 1299 5588 locu
1319 5529 1507 5601 proferendis,
1522 5530 1598 5586 hune
1616 5527 1669 5586 sub
1689 5530 1803 5585 numine
1819 5527 1925 5582 codicis

1059 5621 1182 5676 sinuant
1195 5616 1309 5686 exaltan
1324 5617 1447 5682 Acirilles
1460 5617 1535 5675 enim
1549 5618 1655 5674 Statius
1668 5616 1853 5674 bibliothecae
1867 5611 1924 5668 ral-

1061 5705 1219 5764 licullianae
1232 5705 1307 5762 hunc
1320 5703 1443 5762 codicem
1458 5713 1624 5763 tutamento
1636 5705 1737 5776 legarit
1747 5698 1924 5771 (blanchinii

1061 5795 1228 5866 Vindictae,
1244 5812 1277 5869 p.
1296 5797 1472 5854 cccxxii.
1485 5799 1511 5868 );
1530 5810 1613 5868 quem
1633 5801 1776 5866 propterea
1798 5788 1923 5847 milicem

1061 5888 1222 5942 statianam
1242 5883 1458 5958 appellaverant.

1708 5978 1729 6022 ar
