4776 6674
873 509 1037 587 NHHHHl
1061 510 1154 588 CAH.
1175 513 1247 586 XX.
1887 525 1956 597 ldb

172 691 268 765 rgo,
283 664 375 766 quod
394 662 525 764 aliquid
544 661 764 738 clamaverint
779 678 815 738 et
830 662 989 738 dixerint.
1005 667 1027 734 ι’
1103 689 1174 738 ram
1194 663 1359 738 omittitur
1377 689 1484 742 nexus
1506 669 1541 740 in
1566 665 1672 744 latinu
1692 671 1850 746 versione
1868 676 1952 775 syri.

169 782 285 871 Qum
309 781 399 864 enim
418 779 645 854 falsissimum
665 780 711 854 sit
730 778 907 855 hebruinus
932 778 1027 854 eodi-
1101 779 1177 852 llox
1196 778 1315 852 uodH
1338 795 1431 856 notat
1447 781 1629 858 bebr'aeum
1650 807 1715 860 nou
1736 785 1847 885 legere
1862 805 1893 863 et
1910 794 1958 864 r'u·

10 959 13 966 .
169 896 368 973 eesbubere
383 894 1028 996 aumumarerttamoupootnut-
1102 893 1246 980 creduli,
1269 895 1360 995 quod
1388 897 1423 968 in
1454 923 1561 996 marg.
1586 897 1707 974 Ordin.
1730 906 1953 1003 expungitur;

9 1075 10 1084 ,
171 1013 237 1087 lam
252 1037 330 1087 esse
346 1010 507 1085 rationem
528 1035 599 1110 qua
614 1007 799 1084 Abuleneis
819 1009 961 1109 probare
977 1009 1027 1082 ni·
1101 1033 1179 1082 nam
1206 1035 1266 1110 pro
1291 1035 1331 1086 eo
1356 1011 1448 1111 quod
1474 1012 1569 1088 hebr.
1591 1014 1695 1090 babet
1714 1033 1857 1104 ῦιηῃῃ,
1879 1021 1958 1096 vul.

170 1127 251 1202 titur
265 1126 330 1200 lroo
349 1123 593 1200 rationabiliter
610 1123 802 1226 appositum
820 1123 941 1198 luisse.
957 1125 1045 1198 Nao'
1100 1138 1199 1221 gatus
1223 1123 1304 1222 legit
1328 1126 1462 1200 rebellas
1486 1141 1517 1202 et
1541 1129 1717 1218 inereduli,
1741 1159 1830 1235 qnae
1853 1138 1955 1216 unius

168 1267 211 1323 ea
225 1240 360 1339 plaeent
374 1265 464 1340 quae
478 1238 580 1314 babet
592 1238 821 1340 Holentopius
839 1240 1021 1338 (prta),
1100 1239 1321 1342 eiusdemque
1347 1245 1441 1319 voois
1469 1244 1593 1345 duplex
1622 1249 1852 1348 interpretatio
1880 1281 1957 1334 esse

169 1357 230 1457 qui
251 1371 367 1430 uenaet
389 1356 472 1430 baeu
492 1355 577 1430 torte
597 1354 679 1430 olim
701 1381 742 1429 ex
763 1353 909 1429 bebraeo
934 1368 1025 1429 textu
1099 1354 1251 1444 videtum
1277 1383 1354 1430 nam
1384 1357 1544 1432 babraiou
1569 1385 1633 1436 vox
1659 1367 1794 1466 proprie
1821 1368 1957 1448 denotat

166 1471 356 1560 exoidisse,
379 1471 527 1571 indeque
548 1471 582 1544 in
610 1469 760 1570 antiquis
786 1469 1025 1571 interpretibus
1099 1470 1253 1558 rebelles,
1281 1472 1374 1546 unde
1403 1499 1546 1572 graeem
1578 1503 1656 1554 ven.
1684 1468 1896 1582 durdprut3
1921 1505 1956 1562 or

9 1639 13 1644 -
166 1589 307 1675 deesse;
327 1588 503 1675 amonim,
524 1586 657 1686 inquit,
677 1585 804 1660 similia
827 1587 965 1686 Moysen
992 1601 1027 1660 et
1100 1587 1212 1684 graeci
1239 1587 1461 1664 reddiderunt
1482 1580 1520 1660 ol
1548 1580 1752 1682 ἀπειθεῖς,
1775 1597 1867 1674 undo
1885 1601 1955 1676 Au.

9 1693 14 1762 ἶ
170 1735 190 1774 r
205 1703 316 1778 Aaron
344 1728 461 1778 orasse
490 1727 557 1776 non
587 1718 640 1777 est
668 1700 920 1800 ambigendum.
945 1701 1025 1775 »At
1099 1701 1256 1799 gustiuus
1282 1703 1384 1778 babet
1409 1706 1581 1782 increduli.
1603 1711 1668 1784 Pro
1688 1710 1795 1800 Num,
1817 1715 1893 1790 eod.
1910 1717 1952 1804 Β,

166 1843 236 1892 non
257 1817 434 1919 quaeritur
456 1817 541 1918 quid
563 1817 728 1905 oraverit,
748 1815 811 1892 sed
830 1815 914 1916 quid
939 1816 1025 1890 sori-
1100 1816 1219 1890 Petms
1247 1843 1394 1918 capuan.
1414 1820 1450 1892 in
1480 1823 1598 1920 Spr'or'l.
1619 1825 1747 1899 soleam.
1767 1828 1821 1913 II,
1842 1833 1950 1917 527„

167 1932 275 2032 psarit
299 1933 422 2007 lloses.
448 1933 549 2009 Porro
574 1932 603 2007 si
630 1931 688 2006 illa
714 1931 748 2004 in
775 1929 943 2006 hebraicis
968 1955 1025 2006 oo-
1100 1932 1218 2006 Petrus
1250 1933 1404 2010 (lomet
1433 1936 1642 2035 Augustinus
1669 1940 1852 2042 Numquid.
1880 1948 1955 2023 Hor

9 2061 14 2114 ι
164 2047 302 2122 dinibus
328 2064 406 2122 ante
427 2048 622 2150 Hieronymi
648 2063 791 2122 aetatem
810 2047 1021 2136 exciderant,
1100 2045 1189 2122 idem
1217 2049 1333 2124 Petrus
1355 2076 1432 2149 oap.
1448 2051 1472 2124 l.
1489 2077 1521 2126 o.
1538 2055 1646 2153 pergit
1664 2059 1844 2154 poterimus
1864 2063 1955 2136 uobis

164 2165 336 2266 quomodo
360 2192 390 2240 s.
410 2165 534 2242 Ilootor
557 2163 676 2242 eadem
703 2163 807 2239 latina
828 2163 939 2240 iuuere
964 2189 1024 2264 po-
1099 2189 1204 2264 oquos
1222 2167 1364 2240 elicere?
1381 2167 1501 2255 Quoad
1522 2168 1661 2245 uerbum
1682 2174 1812 2261 elisere,
1834 2204 1894 2277 pro
1915 2207 1955 2254 eo

9 2307 16 2352 r
166 2279 314 2355 ruisset?
334 2282 505 2356 Praeterea
525 2281 555 2356 si
575 2281 700 2356 baeer
722 2281 927 2380 Hieronymo
947 2305 1026 2378 pm-
1099 2279 1192 2381 quod
1211 2281 1371 2380 vulgatus
1391 2281 1495 2360 babet
1514 2287 1643 2373 eiicere,
1660 2291 1875 2368 eonsentiunt
1895 2297 1954 2370 Pe-

166 2397 255 2472 {eota
274 2413 370 2486 sunt,
388 2424 449 2472 cur
464 2399 498 2472 in
519 2397 767 2498 antiquissimis
787 2396 902 2469 latinis
919 2395 1020 2470 oodd.
1099 2409 1171 2470 trus
1191 2395 1289 2470 Dam.
1307 2396 1331 2470 l.
1349 2421 1397 2486 o.,
1414 2399 1599 2500 Hupertus,
1616 2401 1695 2491 all,
1711 2403 1865 2508 illudque
1884 2410 1956 2484 hie-

167 2512 428 2588 desiderantur?
447 2513 556 2600 Quam
582 2511 627 2588 ob
650 2539 720 2586 ram
746 2511 889 2587 libenter
909 2513 1025 2610 Hugu·
1098 2511 1335 2611 ronymianum
1355 2539 1432 2589 esse
1452 2540 1493 2588 eo
1514 2516 1629 2591 minus
1652 2518 1865 2612 dubitamus,
1886 2550 1955 2625 quo

9 2641 11 2646 ’
165 2627 247 2704 bino
270 2627 516 2704 subscribimus
542 2629 662 2702 aienti:
682 2627 862 2704 «Arbitror
886 2653 953 2701 non
978 2625 1023 2700 ab
1098 2626 1207 2725 magis
1228 2643 1343 2728 aptum
1364 2632 1609 2733 propriumque
1628 2633 1709 2708 huie
1725 2635 1799 2712 loeo
1818 2656 1881 2712 est.
1897 2639 1955 2716 Ge

167 2775 186 2814 u
203 2744 429 2845 Hieronymo,
454 2743 515 2820 aed
542 2743 586 2818 ab
614 2744 692 2820 aliis
719 2771 794 2818 eam
824 2743 1022 2844 particulam
1099 2757 1206 2816 terum
1240 2743 1419 2820 recolenda
1448 2763 1500 2823 est
1528 2749 1678 2850 prudens
1707 2753 1955 2832 animadversio

167 2885 279 2934 »ease
295 2861 479 2948 adiectam,
496 2861 587 2962 quod
607 2877 641 2936 et
654 2859 734 2934 aliis
751 2860 922 2963 plerisque
937 2860 1021 2936 loeis
1098 2883 1167 2956 qua
1191 2857 1391 2956 Hngubinus
1418 2887 1477 2937 eos
1502 2862 1686 2939 insectatur
1710 2868 1770 2966 qui
1796 2867 1954 2973 hierony-

9 3015 12 3060 ι
167 3005 187 3046 u
203 2976 327 3052 laetum
352 2977 518 3077 reperies,
536 2977 572 3050 in
592 2975 718 3078 quibua
735 2975 840 3052 verba
860 3003 902 3050 ex
924 2975 1021 3050 simi-
1098 2973 1246 3050 mianum
1263 2975 1570 3076 interpretationem
1589 3007 1667 3056 oum
1689 2979 1848 3059 hebraico
1863 3001 1954 3060 textu

9 3193 10 3198 ἵ
165 3123 184 3160 r
201 3090 291 3166 libus
311 3093 344 3165 in
365 3092 495 3168 similes
514 3093 607 3168 loeus
627 3108 904 3193 transponuntur.
920 3122 937 3163 ι
953 3090 1020 3165 Sed
1098 3089 1146 3164 ita
1166 3091 1357 3182 conferunt,
1374 3109 1412 3168 ut
1429 3093 1473 3168 ad
1493 3095 1628 3194 singule
1648 3124 1755 3197 paene
1773 3097 1876 3175 verba
1895 3099 1955 3176 ali·

9 3223 12 3232 ’
163 3205 207 3280 de
231 3205 286 3280 bis
312 3208 409 3282 eatis.
432 3209 547 3283 Hestnt
571 3223 610 3282 ut
634 3208 736 3282 buius
761 3207 937 3309 pericopes
961 3231 1022 3282 ta·
1098 3221 1148 3280 ter
1172 3204 1238 3304 legi
1261 3208 1297 3280 in
1322 3233 1419 3284 sacro
1444 3225 1535 3284 textu
1560 3211 1737 3286 adnotent:
1757 3215 1953 3318 «Hierony-

166 3323 235 3397 rias
259 3322 421 3400 lectiones
448 3324 671 3425 proferamus.
692 3327 756 3398 Pro
781 3325 1021 3398 mouerunt-
1100 3339 1121 3392 ι’
1134 3348 1232 3416 mus,
1262 3322 1395 3424 inquit,
1423 3351 1556 3400 summo
1586 3325 1727 3417 deeora,
1756 3346 1790 3404 et
1818 3349 1952 3406 nostrae

161 3465 242 3536 que,
257 3440 357 3514 oodd.
369 3441 448 3516 Cas.
466 3444 502 3516 8.
517 3443 856 3539 suolomoorruntque.
873 3441 938 3514 Pro
957 3439 1021 3512 Do
1099 3439 1236 3514 uetiam
1258 3439 1396 3516 utilitati
1418 3440 1617 3532 consulens,
1639 3441 1825 3520 locutiones
1845 3464 1952 3522 muta-

163 3557 309 3640 minum,
336 3556 413 3630 ood.
438 3557 466 3630 tt
497 3556 615 3630 Deum.
643 3559 708 3632 Pro
735 3555 836 3641 uadi,
868 3554 969 3630 codd.
991 3554 1021 3626 A
1099 3555 1183 3630 »vit
1204 3555 1398 3645 bebraieas,
1419 3573 1454 3632 et
1474 3583 1563 3659 quae
1586 3585 1648 3659 per
1668 3585 1706 3634 se
1727 3560 1870 3636 luissent
1893 3564 1953 3636 ob-

163 3671 199 3740 Β.
220 3696 288 3759 m.‚
310 3671 351 3758 F,
373 3670 416 3760 G,
437 3673 478 3760 Τ,
499 3672 541 3760 Β,
562 3673 657 3747 lliss.
679 3697 764 3746 rom.
785 3670 809 3744 l.
826 3697 857 3745 o.
879 3667 1015 3746 eradi.
1099 3697 1234 3746 »seura
1257 3686 1290 3746 et
1308 3671 1461 3747 difficilia
1482 3673 1669 3764 intellectu,
1687 3675 1832 3750 reddidit
1856 3703 1953 3778 aper-

9 3837 13 3882 ,
164 3789 226 3861 Pro
244 3788 341 3862 buius
357 3789 490 3889 populi,
506 3789 651 3864 oodd.A
673 3792 709 3863 Β.
725 3787 906 3877 m.,C,D,
925 3789 959 3876 t,
976 3787 1015 3875 G,
1098 3788 1276 3862 artissima.
1310 3788 1404 3864 Mitto
1435 3789 1526 3863 enim
1565 3815 1666 3890 quam
1705 3791 1820 3866 divine
1849 3808 1952 3868 totum

164 3904 211 3990 tt,
230 3906 275 3992 Τ,
297 3906 342 3992 tt,
362 3907 405 3992 V,
426 3905 520 3980 lliss.
543 3931 625 3980 rom.
646 3905 671 3978 l.
693 3931 747 3994 o.,
766 3905 855 3978 Bibl.
875 3903 1015 3993 Ordin,
1098 3902 1312 3978 »bebraioae
1331 3903 1493 3980 orationis
1514 3904 1607 3979 filum
1628 3906 1833 3996 immutavit,
1849 3924 1887 3982 ut
1903 3935 1953 3983 ee

9 4073 13 4112 ,
162 4019 1022 4119 von.titutttt.1t8t.‚t?aris.tttt.popatt
1097 4009 1948 4119 »santumnianostrisauribusmagisconsona,
2045 4077 2049 4093 ,

9 4191 12 4230 ,
164 4136 272 4210 buius.
290 4139 352 4212 Pro
372 4139 468 4237 operi
485 4141 547 4225 eir,
564 4137 709 4214 oodd.A
733 4136 1015 4226 t.m.,0‚1t‚u‚
1097 4151 1166 4208 »et
1189 4132 1470 4232 intelligibiliora,
1492 4135 1594 4236 idque
1619 4136 1720 4210 etiam
1746 4136 1951 4212 dissentiens

163 4251 206 4338 Τ,
230 4252 258 4326 U
280 4255 431 4352 operiam
456 4254 534 4328 oud.
553 4256 579 4327 V
603 4256 706 4353 apori.
731 4255 795 4328 Pro
818 4269 856 4326 ut
878 4255 1014 4340 retiati,
1097 4275 1152 4322 ua
1172 4248 1436 4349 Septuaginta.»

9 4423 12 4462 ,
160 4367 1013 4468 οοά.Τ,ΒὶΒ1.1.ιι5ἀιιιι.1512.ιιιαιίαιί;ΒίΒ1.
1145 4364 1691 4464 titumque-tontum.
1708 4367 1772 4440 Pro
1792 4382 1830 4440 ut
1845 4394 1952 4465 pupu-

161 4482 242 4555 Van.
260 4486 369 4558 tttt.
390 4500 427 4558 ut
449 4487 611 4574 auturoti,·
631 4485 731 4560 oodd.
748 4485 825 4575 Ni,
846 4488 888 4573 P,
909 4483 954 4573 H,
974 4486 1015 4576 S,
1095 4481 1163 4566 tus,
1180 4479 1279 4582 codd.
1296 4480 1334 4566 Β,
1350 4479 1393 4568 (i,
1410 4479 1493 4568 D‚l'
1517 4481 1552 4552 2.
1568 4481 1687 4568 m.,S,
1703 4481 1741 4569 T,
1760 4481 1800 4569 U,
1817 4481 1894 4556 Cas.
1912 4483 1946 4553 8.

9 4661 11 4680 ,
162 4597 262 4696 Hugo
281 4613 319 4671 ot
339 4601 490 4687 rotiotrb;
512 4601 681 4676 sedidem
705 4601 803 4699 Hugo
821 4628 843 4676 a
861 4628 892 4676 s.
908 4601 1018 4678 Cbaro
1093 4613 1130 4672 ut
1153 4613 1185 4672 et
1207 4598 1362 4698 populus.
1390 4598 1469 4672 Post
1494 4599 1638 4671 iumento
1667 4596 1767 4672 oodd.
1789 4599 1814 4670 t
1844 4603 1899 4686 6.,
1921 4600 1950 4686 Q

9 4773 10 4812 ,
161 4711 293 4788 subdit:
313 4715 419 4789 «Atia
440 4715 551 4790 littera
568 4718 699 4802 retiati,
717 4733 751 4791 at
768 4717 965 4804 correctior,
980 4733 1019 4790 ut
1094 4713 1224 4789 addunt
1243 4715 1331 4800 oium
1351 4711 1446 4786 hebr.
1464 4729 1652 4814 quoquest
1670 4729 1750 4788 vett.
1767 4739 1964 4814 pronomen,¹

9 4887 10 4898 ,
163 4829 331 4918 tticum,
351 4847 386 4904 at
405 4830 584 4906 resoluitur
603 4833 638 4905 in
658 4831 797 4907 verbum
817 4849 851 4907 et
875 4836 1018 4908 coniun-
1094 4830 1299 4930 exprimunt.

163 4973 181 5010 ι
197 4942 364 5034 ctionem,
392 4945 457 5021 hoo
486 4945 587 5020 modo
616 4960 653 5019 ut
677 4948 795 5020 satiati
803 5001 813 5032 ,
843 4947 879 5020 id
904 4963 957 5022 est
980 4961 1018 5020 ot
1143 4947 1204 5020 tt.
1224 4941 1603 5042 Dixitque-Hebenus
1620 4943 1731 5018 teir.
1749 4946 1828 5020 Post
1842 4948 1951 5018 Aaron

163 5061 369 5134 restitutur.
394 5092 412 5133 u
432 5063 515 5138 cod.
537 5065 563 5135 N
594 5080 707 5139 notat:
732 5063 865 5151 «Quod
895 5064 1019 5140 dieitur
1093 5060 1215 5137 sodli
1240 5059 1336 5134 addit
1360 5058 1483 5132 dimna.
1506 5060 1569 5134 Pro
1593 5057 1677 5134 dubo
1703 5061 1764 5145 eir,
1788 5059 1946 5136 Thomas.

162 5205 180 5242 r
195 5178 313 5250 rotiutr‘
331 5179 560 5254 nominativus
581 5195 649 5267 est,
666 5195 700 5254 et
717 5177 939 5254 absolutus.»
1094 5179 1121 5267 l,
1134 5179 1211 5264 31,
1227 5175 1402 5261 Hebenus,
1419 5176 1530 5249 Bruno
1545 5189 1628 5264 ast„
1641 5175 1826 5250 baldoinus
1840 5173 1946 5261 cclv,

211 5291 246 5362 8.
271 5293 509 5369 Tollo-Cod.
526 5294 569 5382 G,
584 5294 670 5370 Bibl.
686 5295 793 5394 bugd.
811 5298 921 5369 tttt.
942 5297 1017 5370 Tol·
1094 5294 1177 5366 tut.
1191 5290 1272 5364 dodi
1288 5293 1352 5378 oia,
1368 5289 1447 5364 item
1464 5289 1693 5388 Augustinus,
1709 5290 1764 5364 oui
1786 5289 1949 5364 aceedunt

161 5406 229 5478 tta.
248 5409 310 5482 Pro
327 5410 513 5508 loquimini,
530 5411 647 5486 oodD
671 5411 863 5510 loquemini,·
878 5412 956 5485 item
974 5437 1015 5485 ex
1093 5407 1189 5484 hebr.
1210 5423 1244 5482 et
1268 5421 1371 5492 vett,
1391 5421 1530 5506 excepto
1557 5405 1762 5492 lonatbano,
1787 5404 1847 5503 qui
1871 5429 1947 5476 oum

160 5520 306 5598 hebraeo
325 5524 518 5602 Caietanus.
1091 5523 1231 5621 Vulgato
1250 5519 1353 5596 habet
1372 5541 1461 5629 yttttr
1477 5520 1567 5596 conf.
1583 5545 1673 5595 vers.
1692 5521 1750 5592 at.
1785 5559 1788 5564 ·

210 5639 268 5709 tt.
288 5639 497 5715 multitudine
513 5685 562 5698 —
578 5641 685 5716 Codd.
705 5643 748 5732 H,
769 5642 848 5717 Cas.
872 5646 906 5715 b.
927 5646 1018 5715 omni
1141 5643 1200 5714 tt.
1221 5663 1310 5739 aquo
1326 5635 1722 5712 contradictionis—Hoc
1738 5651 1791 5708 est
1808 5633 1872 5708 loci
1894 5659 1948 5708 no

157 5753 384 5844 multitudine·
400 5757 478 5832 item
496 5785 597 5860 syrus
615 5775 649 5834 et
663 5759 763 5834 arabs
785 5763 818 5832 Β.
836 5757 1015 5834 belmesio·
1091 5781 1168 5830 men
1194 5754 1368 5856 pmprium
1393 5773 1517 5836 natan
1540 5771 1601 5832 tn,
1620 5749 1774 5850 adeoque
1799 5764 1887 5822 reete
1914 5747 1946 5820 in

157 5871 236 5946 nus.
259 5874 322 5950 Pro
345 5876 514 5974 dioitqur,
536 5875 635 5950 codd.
658 5875 698 5962 Β,
718 5877 744 5947 V
765 5875 871 5962 utute
892 5899 1014 5974 perpe-
1089 5871 1254 5946 vaticanis
1271 5868 1610 5946 eddaoribiturnum
1631 5865 1733 5967 priori
1751 5863 1862 5938 littera
1882 5889 1947 5937 ma-

1739 5992 1761 6036 ἡ
