4746 6676
494 493 537 560 to
1168 480 1342 564 GENESIS
1368 479 1461 554 Cdl’.
1486 480 1591 553 xxtt.

496 637 571 710 heic
588 635 769 726 babemus:
789 632 993 706 «Hebraeus
1010 647 1044 703 et
1060 655 1200 728 graecus
1220 630 1347 703 habent

1470 628 1558 703 lbid.
1578 627 1890 715 Deam-Sixtus,
1917 627 2016 702 codd.
2037 626 2085 715 H,
2112 627 2154 713 t,
2179 628 2252 700 titt.

496 747 726 849 »particulam
761 746 932 820 causalem
967 747 1075 844 poio,
1107 745 1237 818 scilicet
1266 745 1345 842 quio
1420 743 1502 816 Ven.
1532 744 1640 815 1116.
1671 743 1803 829 ttae,
1832 742 1977 828 loram,
2006 739 2089 826 att,
2117 737 2254 814 Cassian.

496 889 613 935 »nunc
633 862 769 960 copnoot‘
790 858 877 958 quod
901 858 975 954 (vel
1000 885 1086 930 nuno
1107 861 1195 930 enim
1215 883 1348 954 coporos

496 1011 512 1048 ι
529 976 649 1076 quod):
666 994 699 1050 et
714 975 766 1050 sic
779 975 895 1072 legunt
910 974 1015 1047 Hilar.
1031 973 1090 1046 lid.
1104 972 1166 1044 IX.
1179 970 1218 1043 de
1235 973 1343 1054 Trio,

495 1124 513 1160 ιι
529 1107 564 1165 et
590 1093 624 1162 ιἰι
651 1089 745 1162 Psoi.
767 1097 815 1174 1.,
837 1105 870 1161 et
894 1087 1050 1160 Ambros.
1069 1087 1092 1157 l.
1112 1095 1144 1158 t.
1161 1085 1201 1156 de
1221 1085 1343 1156 Abrolt.

496 1233 558 1278 rc.
583 1213 640 1288 8.,
665 1219 699 1276 et
723 1203 887 1302 Cyprian.
911 1201 936 1273 l.
958 1209 994 1276 2.
1016 1215 1129 1272 contro
1155 1198 1230 1270 lud.
1256 1225 1285 1274 c.
1309 1207 1343 1271 5.

497 1321 572 1393 »nt
596 1319 691 1390 latini
721 1316 820 1390 codd.
847 1333 915 1388 tam
942 1315 1101 1410 impressi
1129 1339 1232 1413 quam
1260 1338 1344 1385 mss.

497 1461 598 1506 »non
620 1433 758 1505 habent.
775 1430 862 1503 »ct
880 1429 1061 1517 sabariam
1053 1428 1170 1502 ·adde
1190 1427 1344 1500 Cassian.

498 1549 617 1621 Collot.
635 1546 734 1620 XIII.
752 1572 782 1618 c.
800 1551 858 1618 rt.
875 1547 947 1618 Non
965 1543 1120 1644 pauciex
1138 1541 1255 1614 latinis
1263 1540 1348 1639 ,qui

496 1679 673 1794 usurpant
681 1660 812 1760 vulgati
835 1658 1036 1747 editionem,
1056 1657 1172 1755 legunt
1190 1682 1276 1728 nunc
1297 1681 1350 1728 co·

496 1781 597 1876 proci
613 1779 704 1876 quio.

545 1892 631 1964 lbid.
655 1891 907 1964 times-Hanc
932 1889 1110 1961 lectionem
1136 1886 1266 1974 Toleto,
1288 1911 1349 1960 seu

497 2005 708 2080 clementinis
734 2003 976 2078 correctoribus
1001 2000 1260 2074 adscribendam
1287 2000 1350 2071 du·

496 2124 617 2196 cimus.
635 2122 746 2208 Quum
763 2120 853 2194 enim
869 2136 998 2192 veteres
1016 2116 1115 2191 codd.
1132 2133 1165 2189 et
1184 2116 1261 2189 edd.
1278 2142 1350 2187 ma-

497 2236 588 2308 ximo
617 2260 787 2309 consensu
817 2233 966 2330 legerent
998 2235 1132 2315 timeas,
1157 2231 1349 2330 superiores

496 2367 700 2424 correctores
725 2348 771 2420 nil
795 2349 1067 2420 immutaverant:
1085 2344 1219 2418 Teletos
1236 2361 1349 2417 autem

498 2463 632 2540 scribit:
652 2463 786 2536 «Latini
815 2461 915 2536 codd.
941 2461 1056 2558 legunt
1082 2463 1213 2546 timeos5
1237 2459 1349 2557 graeci

498 2611 515 2648 ιι
530 2605 611 2654 uero
626 2581 732 2664 timec·
744 2593 777 2650 et
791 2577 838 2650 ita
853 2575 979 2648 babent
993 2575 1099 2648 Hilar.
1113 2591 1146 2648 et
1159 2574 1349 2673 Cyprianus

498 2725 516 2764 ιι
532 2692 569 2766 ll
581 2720 630 2768 cc.
644 2693 835 2766 Hebraeum
854 2691 992 2766 verbum
1010 2689 1156 2763 admittit
1173 2705 1350 2818 utramque

499 2809 708 2884 »lectionem
718 2807 851 2906 ,magis
874 2822 986 2880 tamen
1007 2832 1080 2880 eam
1090 2831 1202 2904 ,quae
1224 2820 1277 2878 est
1298 2803 1351 2874 in-

497 2923 667 2998 »dicativi
689 2921 793 2994 modi.
810 2922 880 2993 ιι1ιι
901 2920 1021 3019 primis
1038 2919 1270 2992 animadverto
1290 2918 1350 2990 Το-

495 3037 597 3112 letum
623 3036 766 3111 fortasse
788 3062 828 3109 ex
853 3051 1013 3108 contextu
1040 3034 1230 3108 asseruisse
1255 3058 1351 3130 grae·

496 3179 554 3228 cos
580 3152 689 3250 legere
718 3154 832 3236 times,·
862 3177 941 3224 nam
968 3137 1073 3242 φοβῇ
1098 3175 1206 3248 aeque
1235 3147 1351 3222 referri

1344 859 1350 872 '
1424 857 1447 928 l.
1463 883 1511 942 o.,
1527 857 1618 930 Beda
1629 856 1667 943 V,
1685 858 1786 943 ld'l.,
1804 856 1962 928 llabanus
1979 856 2008 942 l,
2028 856 2127 941 122,
2144 855 2258 953 Haymo

1425 971 1558 1059 cxvtl,
1587 972 1671 1044 tt't.
1700 972 1803 1057 961,
1829 971 2010 1044 Garnerius
2032 969 2056 1042 l.
2080 995 2131 1056 c.,
2159 971 2259 1043 Petrus

1425 1085 1519 1158 Com.
1535 1085 1710 1158 Dominum
1717 1110 1729 1172 ,·
1748 1085 1895 1158 concinit
1911 1084 2093 1183 Augustini
2110 1084 2260 1182 Speculo

1425 1199 1514 1273 Maio
1527 1198 1653 1274 editum
1670 1198 1693 1270 l.
1705 1225 1736 1274 c.
1747 1198 1936 1274 Eucherius
1950 1199 2052 1273 modo
2066 1199 2165 1286 hanc,
2177 1199 2261 1271 modo

1426 1314 1517 1388 illam
1539 1313 1714 1388 lectionem
1737 1313 1907 1412 exprimit.
1927 1313 1977 1386 Ad
1996 1313 2083 1384 Sinti
2102 1312 2261 1384 lectionem

1426 1428 1560 1502 Toletus
1586 1427 1739 1500 adnotat:
1760 1425 1927 1523 «Corrige
1950 1427 2070 1500 Deum.
2093 1427 2142 1498 lta
2164 1424 2260 1512 hebr,

1429 1568 1624 1640 »graecus,
1645 1541 1829 1640 Complut,
1850 1543 1951 1638 lleg,
1973 1541 2098 1616 Ordin.
2113 1557 2146 1616 et
2167 1566 2260 1626 mss.;

1428 1674 1496 1730 »et
1517 1658 1568 1730 sic
1593 1657 1724 1729 censuit
1743 1655 1978 1753 Congregatio.
1995 1655 2153 1730 Ambros.
2168 1671 2263 1728 autem

1429 1803 1446 1843 ιι
1465 1774 1522 1846 tit.
1544 1780 1576 1842 t.
1593 1770 1632 1842 de
1651 1771 1774 1842 Abrolr.
1792 1796 1820 1843 c.
1839 1778 1874 1842 8.
1891 1786 1924 1842 et
1944 1770 2140 1870 Cyprianus
2165 1769 2218 1844 tit.
2231 1776 2261 1844 2.

1428 1901 1575 1960 »contro
1598 1883 1675 1957 Iud.
1699 1911 1729 1957 c.
1757 1891 1792 1956 ὅ.
1816 1899 1848 1958 et
1873 1885 1931 1957 tit.
1956 1887 1995 1956 5.
2021 1911 2051 1958 c.
2081 1891 2143 1960 20.
2165 1883 2265 1980 legunt

1428 2003 1567 2074 »Deum
1589 2015 1697 2086 tcum,·
1713 1998 1862 2071 Hilarius
1886 2024 1967 2073 vero
1988 2000 2048 2073 tit.
2067 2009 2105 2072 9.
2121 1998 2159 2072 de
2182 2000 2260 2070 Trio.

1429 2134 1494 2190 »et
1511 2121 1546 2189 io
1563 2116 1659 2189 Psol.
1680 2124 1712 2187 t.
1731 2114 1811 2210 legit
1830 2115 2005 2186 Dominum
2021 2117 2127 2186 Deum
2146 2129 2262 2186 tcum.»

1427 2233 1633 2307 Hodiernam
1667 2230 1843 2304 lectionem
1876 2229 2083 2304 induxerunt
2113 2229 2218 2304 sixtini
2239 2245 2266 2301 et

1426 2347 1617 2446 gregoriani
1636 2346 1678 2418 ad
1700 2346 1800 2418 fidem
1819 2345 2050 2444 antiquiorum
2069 2344 2168 2420 codd.
2183 2343 2218 2430 ll,
2233 2343 2264 2428 B,

1428 2465 1466 2552 C,
1482 2465 1524 2550 D,
1546 2462 1590 2550 H,
1611 2461 1835 2560 aliorumque.
1852 2460 1961 2534 llocca
1986 2459 2010 2532 1.
2027 2487 2059 2534 c.
2078 2474 2169 2532 notat
2190 2457 2262 2528 titt.

1427 2577 1547 2654 Ordin.
1565 2577 1676 2674 legere
1698 2577 1890 2660 Dominum,
1912 2576 1961 2647 ita
1979 2575 2073 2648 enim
2099 2573 2196 2648 babet
2216 2571 2262 2646 ed.

1426 2695 1506 2766 Ven
1525 2694 1651 2778 1588,
1644 2721 1651 2735 ·
1669 2706 1704 2765 at
1726 2691 1840 2789 plures
1861 2690 1940 2763 edd.
1956 2689 2045 2763 Hibl.
2063 2689 2181 2765 Ordin.
2196 2687 2265 2760 alte·

1428 2835 1499 2880 ram
1521 2806 1597 2880 lect.
1615 2804 1862 2904 praeseferunt,
1881 2831 1984 2905 quam
2006 2804 2058 2878 eis
2081 2803 2196 2877 tribuit
2214 2803 2265 2874 To-

1427 2923 1528 2998 letus

1477 3037 1564 3110 lbid.
1580 3037 1942 3137 pepercisti-Sixtini,
1956 3035 2166 3134 gregoriani,
2177 3030 2262 3106 codd.

1429 3153 1523 3242 A,C,
1544 3150 2143 3242 DWEGNOTBiblbn-din,
2164 3148 2262 3244 Hugo,

499 3281 611 3368 potest
627 3266 670 3340 ad
690 3265 912 3339 indicativum
930 3264 1068 3338 modum
1081 3263 1134 3337 vel
1152 3263 1195 3336 ad
1213 3262 1353 3337 subiun·
1425 3270 1606 3357 Rabanus,
1629 3267 1760 3368 Haymo
1786 3268 1934 3356 CXlllll,
1958 3269 2062 3354 tro,
2081 3263 2262 3344 Guibertus,

497 3384 635 3458 ctivum.
652 3381 738 3456 Dein
756 3381 801 3454 ad
818 3398 949 3456 veteres
966 3397 1078 3481 patres
1096 3380 1186 3478 quod
1204 3393 1348 3478 spectat,

498 3525 539 3571 ex
558 3498 601 3572 iis
620 3498 679 3598 qui
697 3495 812 3572 italam
828 3511 1050 3594 usurparunt,
1066 3495 1195 3594 quique
1212 3496 1353 3595 proinde

497 3613 611 3686 minus
629 3611 673 3685 ad
692 3636 762 3684 rem
780 3627 929 3684 nostram
947 3607 1090 3696 faciunt,
1108 3609 1171 3681 etsi
1189 3607 1281 3681 baud
1298 3609 1354 3682 de-

499 3727 567 3801 sint
587 3726 646 3826 qui
669 3725 863 3800 alterutram
889 3722 1065 3798 lectionem
1087 3741 1287 3824 sequantur,
1304 3724 1352 3798 uti

498 3841 614 3914 videre
635 3859 687 3914 est
707 3841 799 3940 apud
818 3837 1056 3926 Sabatierium,
1078 3838 1223 3912 latemur
1242 3855 1352 3912 tamen

499 3956 575 4032 illos
609 3954 808 4055 plerumque
841 3953 951 4049 legere
986 3954 1102 4036 tintes3
1132 3952 1235 4024 immo
1265 3951 1355 4038 hanc

500 4072 610 4172 ipsam
631 4088 789 4170 putamus
807 4095 921 4143 veram
942 4093 1019 4142 esse
1041 4066 1141 4140 italae
1158 4067 1351 4154 lectionem,

499 4211 619 4285 quam,
642 4201 775 4284 praeter
799 4199 952 4258 auctores
978 4183 1206 4256 aSabaticrio
1230 4181 1355 4256 excita-

501 4319 570 4388 tos,
599 4299 754 4400 sequitur
785 4316 818 4372 et
851 4297 1030 4395 Gregorius
1062 4297 1167 4384 1111,
1192 4299 1274 4368 898.
1302 4297 1351 4385 11,

503 4420 611 4490 1069.
638 4418 698 4504 111,
724 4431 812 4515 part.
838 4417 880 4502 2,
905 4417 1011 4501 511,
1034 4429 1085 4500 et,
1110 4441 1150 4487 ex
1176 4413 1352 4511 Gregorio,

502 4533 582 4606 Taio
604 4532 729 4619 LXXX,
747 4533 831 4606 tta.
848 4532 891 4603 At
909 4557 987 4605 vero
1014 4531 1157 4630 ipsemet
1176 4530 1355 4627 Gregorius

504 4648 531 4732 Ι,
549 4647 633 4717 6111.
649 4648 731 4718 683.
744 4661 793 4733 ct,
810 4671 850 4718 ex
867 4645 1003 4732 eodem,
1017 4645 1196 4718 Garnerius
1210 4643 1353 4732 CXClll,

505 4763 588 4833 tto.
611 4761 727 4858 legunt
759 4765 888 4848 timeae·
916 4761 1005 4834 banc
1036 4778 1147 4834 autem
1178 4785 1357 4834 censemus

502 4875 795 4975 hieronymianam
818 4903 895 4948 csse
916 4876 1109 4962 lectionem,
1129 4901 1248 4974 quam,
1265 4901 1357 4974 prae

503 5008 553 5064 tcr
569 5007 648 5064 vett.
663 4990 780 5078 codd,
793 4990 960 5062 innumeri
976 5007 1051 5091 post
1068 4992 1260 5088 Gregorium
1278 4992 1359 5065 scri-

506 5123 619 5203 ptores
638 5104 814 5192 exhibent,
835 5131 977 5203 quomm
999 5106 1136 5180 nomina
1155 5122 1188 5180 et
1212 5107 1285 5180 loca
1306 5134 1358 5180 re-

502 5221 605 5292 citare
625 5219 904 5318 supersedemus,
922 5245 965 5292 ne
987 5219 1022 5292 in
1042 5219 1182 5294 minima
1203 5247 1239 5294 re
1252 5220 1356 5317 [nimii

503 5335 691 5408 videamur.
709 5334 808 5408 Haud
831 5351 941 5409 tamen
963 5335 1144 5436 praeterire
1164 5335 1243 5409 licet
1258 5337 1353 5410 lliss.

504 5476 587 5524 rom.
606 5451 638 5521 in
658 5449 760 5522 Sabb.
777 5451 829 5539 S.,
845 5467 985 5549 excepta
1000 5449 1187 5526 novissima
1201 5449 1257 5524 ed.
1271 5477 1353 5525 rom.

505 5594 560 5638 an.
579 5568 703 5653 18511,
720 5565 832 5640 adhuc
857 5565 966 5665 legere
988 5568 1114 5642 timeas.
1131 5568 1182 5640 Ea
1203 5594 1291 5667 quae
1316 5567 1358 5640 de

505 5680 568 5753 hac
587 5681 786 5780 quaestione
812 5679 915 5754 habet
939 5683 1047 5758 Rooea
1066 5682 1090 5755 l.
1107 5708 1137 5754 c.
1156 5681 1281 5758 nullam
1306 5711 1358 5756 re-

506 5795 699 5870 tutationem
721 5797 908 5898 requirunt.

1430 3387 1608 3488 Philippus
1634 3385 1677 3460 de
1701 3385 1796 3458 barv.
1821 3383 1943 3470 CClll,
1974 3386 2056 3457 916.
2083 3379 2261 3483 peperceris.

1428 3503 1471 3579 At
1491 3529 1571 3578 vero
1595 3500 1785 3588 clementini
1810 3498 1988 3573 lectionem
2013 3495 2262 3574 lovaniensium,

1430 3643 1532 3716 quam
1558 3614 1755 3690 exhibuerat
1779 3614 1912 3702 SixtuS,
1936 3613 2163 3688 restituerunt.
2190 3606 2265 3678 Hinc

1429 3731 1564 3806 Toletus
1591 3730 1725 3804 scribit:
1746 3728 1861 3824 «bibl.
1882 3727 2001 3803 Ordin.
2024 3728 2140 3826 legunt
2162 3739 2190 3797 et
2211 3746 2263 3792 non

1433 3878 1450 3918 ι
1461 3849 1662 3947 peperceris:
1676 3862 1711 3918 at
1730 3846 1831 3918 ceteri
1852 3869 1968 3918 omnes
1989 3842 2147 3943 impressi
2165 3840 2265 3935 legunt

1434 3980 1504 4036 sut
1531 3963 1566 4034 in
1594 3979 1684 4034 textu
1712 3965 1854 4061 (nempe
1879 3961 1914 4031 in
1938 3955 2263 4046 ed.Sixti,15ttt.);

1434 4078 1519 4152 »sic
1545 4078 1647 4150 etiam
1675 4073 1770 4146 hebr.
1790 4131 1799 4161 ,
1827 4091 1861 4148 et
1884 4099 2043 4171 graecus,
2073 4091 2108 4147 et
2132 4067 2268 4146 similiter

1433 4190 1596 4278 »Hilar.,
1617 4189 1828 4290 Cyprianus,
1848 4187 2004 4262 Ambros.
2026 4187 2063 4260 ll.
2085 4213 2156 4276 co.;
2175 4200 2205 4256 ct
2225 4193 2267 4252 est

1434 4305 1635 4406 »particula
1655 4304 1801 4396 causalis
1823 4319 1854 4376 et
1877 4331 1942 4376 non
1963 4306 2156 4402 pepercisti,
2178 4298 2267 4371 idest

1435 4453 1451 4492 ι
1468 4422 1548 4522 quia
1567 4446 1634 4494 non
1652 4420 1877 4520 pepercisti.»
1894 4419 1978 4492 Heio
1997 4445 2134 4519 quoque
2150 4413 2266 4490 Toletus

1434 4536 1535 4610 italae
1559 4534 1736 4609 lectionem
1762 4535 1970 4629 instaurasse
1993 4533 2139 4609 videtur.
2155 4529 2201 4603 Cl.
2218 4527 2268 4596 Sa·

1433 4649 1552 4724 batier.

1484 4765 1570 4838 lbid.
1593 4767 1761 4865 uor'yeor'to
1780 4765 1849 4866 filio
1869 4765 2072 4838 teo-«Sic
2094 4765 2216 4863 legunt,
2229 4753 2268 4828 nit

1437 4878 1624 4968 »Toletum
1641 4907 1758 4956 omnes
1779 4879 1875 4955 latini
1893 4879 2039 4974 codices.
2058 4882 2095 4952 ln
2114 4878 2204 4952 hebr.
2218 4896 2267 4944 au·

1436 5028 1453 5066 ιι
1471 5012 1537 5069 tem
1557 4995 1699 5070 habetur
1717 4996 1786 5093 pto
1813 5012 1882 5082 too,
1905 4999 2001 5070 unico
2030 5011 2100 5083 tuo,·
2125 5019 2207 5096 quae
2228 4987 2266 5058 lt·

1432 5143 1454 5202 ιι
1470 5113 1537 5187 ctio
1558 5112 1712 5198 convemt
1729 5138 1805 5185 cum
1829 5111 1943 5186 latinis
1961 5111 2149 5185 codicibus.
2169 5101 2265 5180 Graeci

1437 5253 1549 5301 »uero
1567 5226 1685 5322 legunt
1705 5226 1822 5300 dilecto
1842 5225 1911 5328 filio
1933 5242 2002 5312 tato,
2019 5243 2053 5300 et
2070 5227 2120 5299 sic
2138 5219 2265 5298 Hilarius

1437 5373 1454 5410 ιι
1471 5340 1529 5412 tit.
1542 5341 1604 5414 IX.
1617 5340 1656 5413 de
1676 5343 1768 5414 Trio.
1781 5356 1812 5414 et
1827 5342 1863 5412 ιἰι
1879 5341 1970 5413 Psol.
1989 5349 2022 5413 t.
2039 5339 2081 5413 At
2094 5337 2264 5440 Cyprianus

1438 5487 1455 5524 ιι
1474 5455 1532 5528 lib.
1554 5463 1591 5530 2.
1612 5470 1725 5529 contro
1749 5454 1827 5529 Iud.
1849 5483 1877 5529 c.
1901 5464 1936 5528 5.
1957 5470 1989 5528 et
2015 5454 2072 5558 lid.
2093 5457 2132 5526 5.
2153 5480 2179 5526 c.
2199 5451 2263 5524 tt..

1437 5589 1503 5645 »et
1528 5571 1684 5646 Ambros.
1709 5573 1767 5644 tit.
1796 5581 1828 5644 t.
1852 5571 1891 5645 de
1915 5573 2038 5645 tamt.
2062 5599 2090 5646 e.
2113 5577 2148 5644 8.
2172 5569 2265 5662 legunt

1437 5717 1454 5756 »
1470 5686 1680 5760 dilectissimo
1698 5686 1767 5787 filio
1785 5701 1851 5760 tuo.
1867 5715 1885 5756 ιι
1901 5685 1953 5760 Cl.
1969 5687 2132 5761 Sabatier.
2150 5701 2180 5758 et
2199 5679 2265 5752 Cas·

1433 5801 1521 5876 sian.
1539 5802 1561 5874 1.
1575 5827 1606 5874 c.
1618 5801 1724 5876 Codd.
1737 5801 1777 5887 Α,
1794 5802 1833 5888 C,
1848 5802 1892 5890 1),
1908 5803 1949 5890 H,
1965 5803 2001 5890 F,
2018 5801 2057 5892 G,
2073 5802 2115 5890 N,
2131 5799 2173 5886 0,
2188 5797 2220 5882 11,
2233 5789 2260 5870 S,
