4830 6678
449 515 577 592 xxxiv
1196 515 1511 595 inuitissimus

448 699 568 778 qnam
594 670 705 779 quod
729 671 779 748 ab
804 671 886 750 istis
907 673 1140 750 auctoribus
1161 669 1352 752 ereditur.
1374 671 1596 782 Supersunt
1619 672 1765 753 haedo
1787 702 1830 754 re
1854 693 2107 757 monumenta
2127 679 2168 756 in
2193 679 2251 757 bi-

447 797 644 877 bliotheca
673 795 848 900 angelica
872 823 893 874 e
919 796 1049 889 nullo,
1076 793 1186 902 quod
1214 799 1406 892 sciemus,
1431 815 1546 878 antea
1574 797 1801 896 observata,
1828 817 1933 880 certe
1962 827 2178 909 numquam
2208 805 2253 881 in¹

447 922 589 1027 vulgus
617 918 744 1017 edita;
771 937 926 998 constat
951 947 999 1000 ex
1027 921 1107 1016 his;
1137 923 1165 998 Ι.
1191 922 1387 1029 Angelum
1407 921 1577 1002 Roecam
1606 924 1841 1030 suggessisse
1868 953 1941 1031 per
1968 927 2172 1032 epistolem
2194 930 2252 1032 (a)

448 1044 626 1123 Pontifici
653 1043 889 1138 exhibitam,
916 1044 1108 1152 quaedam
1137 1045 1386 1125 decernenda
1410 1047 1449 1124 in
1472 1071 1518 1125 ea
1541 1039 1825 1127 constitutione
1852 1075 1928 1154 pro
1954 1046 2092 1128 Bibliis
2115 1051 2157 1127 in
2179 1075 2253 1156 po·

448 1185 596 1248 sterum
615 1167 859 1273 evulgandis.
877 1168 928 1246 ll.
941 1169 1217 1250 Correctiones
1233 1169 1430 1249 adhibitas
1447 1169 1566 1250 fuisse
1585 1199 1667 1250 non
1686 1197 1828 1277 parvas
1847 1173 1899 1252 ab
1917 1171 2057 1254 eodem
2074 1168 2186 1253 Sixto
2197 1173 2252 1250 V.

447 1292 719 1370 constitutioni
748 1293 823 1370 iarn
853 1311 1048 1373 exaratae.
1070 1297 1139 1372 lll.
1162 1295 1300 1374 Praelo
1329 1296 1412 1374 viee
1443 1297 1568 1403 prima
1594 1294 1816 1374 subiectam
1849 1296 1967 1375 fuisse
1999 1325 2088 1375 cnm
2121 1295 2255 1376 adhuc

447 1415 633 1495 Pontifex
652 1417 693 1494 in
718 1416 900 1495 vaticano
924 1417 1069 1523 palatio
1091 1417 1268 1525 degeret,
1291 1419 1465 1499 hiberno
1487 1421 1634 1500 scilieet
1657 1437 1856 1528 tempore,
1881 1419 2053 1528 ideoque
2082 1437 2149 1498 aut
2176 1419 2252 1499 sub

447 1541 565 1618 linem
589 1541 684 1618 anni
712 1541 1016 1647 quingentesimi
1041 1544 1293 1649 octuagesimi
1324 1545 1476 1639 octavi,
1503 1560 1572 1623 aut
1599 1544 1715 1623 initio
1738 1544 2045 1650 quingentesimi
2068 1561 2253 1649 octuage-

447 1664 533 1742 simi
564 1665 658 1741 noni
688 1689 809 1770 supra
837 1663 1104 1743 millesimum:
1126 1667 1220 1748 huic
1245 1670 1516 1747 constitutioni
1541 1670 1619 1748 iam
1647 1669 1858 1777 impressae
1879 1667 2068 1774 plurimas
2087 1669 2128 1744 in
2150 1695 2253 1744 mar·

446 1787 536 1892 gine
563 1786 749 1866 adiecisse
776 1787 929 1866 Sixtum
960 1817 1031 1868 sua
1063 1819 1184 1870 mann
1215 1790 1539 1886 emendationes,
1569 1791 1715 1872 alicubi
1747 1818 1885 1871 sensus
1916 1816 2082 1899 quoque
2113 1791 2254 1868 immu-

446 1929 562 1990 tasse.
584 1912 639 2016 (2)
659 1911 728 1987 lV.
760 1915 946 2006 Demum,
968 1939 1016 1990 ex
1038 1914 1142 1992 hisce
1165 1915 1344 2021 repetitis
1366 1914 1695 2020 castigationibus
1714 1915 1801 1993 vice
1821 1913 1943 1993 altera
1963 1914 2190 2019 impressam
2213 1928 2252 1990 et

446 2034 576 2114 datam
596 2035 688 2114 Kal.
707 2037 834 2114 martii
859 2036 900 2114 in
919 2035 1067 2143 palatio
1091 2038 1293 2145 quirinali.
1317 2039 1522 2133 Ceterum,
1544 2039 1576 2114 si
1600 2037 1664 2116 cui
1686 2039 1829 2116 mirum
1851 2036 2055 2116 videbitur
2076 2036 2253 2142 potuisse

448 2159 565 2238 unius
592 2161 686 2239 anni
715 2161 844 2266 spatio
869 2158 1022 2238 Sixtum
1051 2161 1113 2240 bis
1142 2178 1181 2240 et
1206 2159 1334 2241 Biblia
1361 2160 1427 2240 illa
1455 2160 1675 2268 perlegere,
1703 2177 1743 2240 et
1770 2147 2094 2240 constitutionem
2121 2182 2252 2239 ernen-

447 2282 540 2362 dare
563 2286 694 2390 (quae
718 2285 818 2361 ratio
845 2285 1059 2390 praecipue
1087 2285 1211 2362 morit
1237 2283 1486 2391 supradictos
1514 2284 1727 2366 Marchand
1752 2273 1956 2392 atque'Le
1984 2285 2146 2391 Lcng),
2172 2311 2253 2362 me-

446 2409 570 2487 moria
601 2406 863 2514 repetendum
892 2425 969 2502 est,
996 2407 1107 2514 quod
1137 2408 1316 2516 locuples
1342 2409 1451 2488 testis
1478 2408 1600 2488 tradit
1630 2406 1734 2489 idem
1764 2411 1914 2502 llocca,
1940 2395 2095 2486 Sixttim
2127 2406 2178 2483 V.
2210 2409 2250 2486 in

446 2533 524 2609 boc
550 2532 799 2638 potissimum
828 2532 1084 2610 correctionis
1110 2531 1302 2636 Vulgatae
1329 2559 1451 2639 opere
1480 2529 1734 2612 incredibiles
1760 2533 1916 2610 labores
1946 2530 2013 2612 diu
2048 2530 2253 2635 noctuque

445 2655 644 2735 tolerasse.
670 2659 775 2735 Ante
800 2656 1095 2762 impressionem
1125 2683 1298 2763 namque
1319 2657 1520 2764 peginam
1544 2656 1711 2764 perlegit
1733 2657 1980 2748 universam,
2005 2671 2042 2732 et
2064 2654 2251 2734 emende-

447 2779 512 2855 sit.
534 2834 543 2854 .
562 2836 572 2854 .
594 2835 603 2855 .
626 2782 709 2860 Nec
735 2807 779 2857 eo
805 2795 1039 2874 contentus,
1067 2779 1249 2858 universo
1277 2779 1371 2857 item
1400 2780 1540 2858 Biblia
1566 2780 1625 2858 sic
1650 2779 1886 2874 emendato,
1916 2795 1954 2856 et
1980 2795 2152 2856 recenter
2176 2779 2253 2854 im-

439 2927 577 3009 presse
612 2903 660 2980 ele
694 2904 844 3012 integra
871 2903 1064 3012 perlegit,
1098 2920 1144 2982 rit
1174 2902 1316 2984 ornnia
1343 2903 1529 3009 fideliter
1556 2902 1756 3010 recognita
1788 2903 1833 2979 in
1869 2891 2018 2978 lucem¹
2022 2898 2248 3007 prodirent.

447 3027 551 3130 Aug.
572 3027 702 3106 Rocca
727 3027 851 3133 (opp.
873 3043 904 3105 t.
927 3055 966 3106 n.
988 3055 1029 3134 p.
1059 3028 1196 3134 api).
1223 3031 1357 3137 Atque
1384 3028 1488 3108 idem
1516 3014 1602 3136 ipse
1629 3021 1813 3106 Pontifex
1840 3025 2006 3118 fatetur,
2034 3048 2077 3107 se
2104 3025 2149 3103 in
2178 3024 2253 3102 doc

449 3149 784 3229 laboriosissimae
806 3150 1101 3230 emendationis
1123 3152 1322 3231 enrricula
1348 3181 1509 3261 operam
1537 3151 1846 3261 quotidianam,
1871 3173 2039 3256 eamque
2060 3148 2253 3255 pluribus

448 3271 556 3355 lieris
582 3272 809 3354 collocesse.
835 3275 1033 3382 (Constit.
1057 3265 1259 3356 Aeternns
1287 3276 1369 3356 ille.
1388 3277 1403 3379 )
1432 3277 1488 3382 (3)

1279 3459 1315 3560 g,
1344 3457 1415 3537 tx.

595 3622 809 3703 Successus
836 3620 962 3700 buius
990 3619 1280 3728 impressionis.
1307 3617 1614 3726 Expenduntnr
1639 3617 1870 3699 testimonia
1902 3616 2107 3720 Wadingi

1198 3760 1235 3820 et
1265 3745 1304 3824 T
1298 3741 1494 3851 empestii.

551 3907 685 3986 liebus
711 3907 765 3985 sic
794 3906 1010 4000 stantibus,
1037 3919 1083 3982 ut
1113 3905 1319 4009 hucusque
1345 3901 1621 3996 disseruimus,
1649 3900 1813 3980 fortasse
1835 3926 1918 3978 non
1943 3898 2114 3978 deerunt
2136 3901 2206 4006 qui
2230 3929 2255 3978 e

447 4029 564 4109 nobis
591 4045 807 4137 quaerant,
833 4055 953 4107 eccur
980 4044 1060 4106 tem
1085 4025 1281 4105 dissimilis
1307 4026 1357 4104 ab
1383 4029 1457 4104 isto
1480 4025 1664 4105 carafiani
1690 4021 1836 4102 codicis
1858 4023 2086 4101 correctorio
2108 4023 2257 4102 sixtina·

448 4152 570 4235 editio
597 4151 794 4232 eraserit?
821 4153 893 4258 qul
921 4153 1023 4259 passi
1049 4152 1128 4230 sint
1152 4153 1226 4230 viri
1255 4151 1312 4229 illi
1339 4151 1580 4258 gravissimi,
1609 4164 1650 4228 et
1675 4148 1813 4228 Carasa
1841 4149 1884 4226 in
1912 4148 2071 4256 primis,
2098 4162 2143 4227 ut
2170 4175 2254 4227 non

447 4293 601 4359 tantum
624 4275 838 4384 pleraeque
857 4274 1014 4353 illorum
1039 4273 1335 4354 emendationes
1355 4275 1670 4380 negligerentur,
1691 4297 1831 4352 verum
1853 4272 1969 4351 etiarn
1988 4270 2182 4367 diversas,
2199 4273 2256 4348 in-

447 4399 604 4481 terdum
632 4427 798 4506 quoque
818 4399 1037 4478 contrarias
1058 4398 1247 4478 lectiones
1275 4415 1446 4506 sequuta
1468 4399 1517 4478 sit
1538 4396 1660 4478 editio
1681 4397 1892 4476 vaticana?
1913 4397 2016 4475 Tum
2040 4409 2160 4476 erunt
2182 4396 2258 4501 qui

447 4527 581 4634 plures
608 4523 799 4604 admissos
820 4523 1131 4632 typographieos
1154 4551 1309 4603 errores
1336 4522 1609 4618 mirabuntur,
1632 4549 1753 4630 quarn
1777 4551 1798 4600 a
1820 4537 2046 4628 praestante
2067 4537 2258 4626 typogra-

442 4649 529 4755 pho
557 4643 665 4726 Aldo
692 4647 871 4741 iuniore,
893 4663 932 4724 et
965 4673 987 4724 a
1019 4649 1314 4727 correctoribus
1340 4675 1421 4728 non
1454 4647 1612 4726 infimae
1642 4662 1761 4724 notae
1795 4644 2024 4724 hominibus
2050 4645 2257 4750 expectari

449 4769 662 4852 debuisset.
689 4769 812 4870 Quod
840 4772 871 4848 si
900 4772 965 4850 cui
991 4771 1114 4850 huius
1141 4771 1327 4852 editionis
1355 4773 1485 4850 minus
1511 4787 1606 4848 nota
1633 4771 1682 4847 sit
1709 4767 1911 4865 conditio,
1937 4785 2042 4848 certe
2069 4767 2168 4848 illud
2196 4768 2257 4846 in-

449 4894 644 4976 credibile
660 4912 790 5009 paene
817 4895 890 5001 ipsi
919 4893 1138 4991 videbitur,
1164 4897 1231 4974 vix
1259 4925 1280 4976 c
1307 4896 1451 5004 praelis
1478 4895 1656 4973 emissam
1685 4896 1814 4973 statim
1842 4894 1961 4973 fuisse
1990 4892 2252 4999 profligatam.

556 5111 592 5175 (t)
612 5108 692 5164 lianc
707 5107 808 5180 angeli
819 5109 928 5166 Roseae
945 5108 1091 5182 epistolam
1111 5107 1242 5180 deinceps
1257 5124 1319 5182 pro·
1392 5132 1405 5158 i
1426 5107 1581 5165 catholicae
1594 5107 1733 5166 Ecclesiae
1744 5107 1885 5176 andsiti,
1898 5106 1996 5164 uinus
2014 5119 2048 5162 ae
2065 5107 2188 5164 aarum
2199 5109 2258 5164 An·

449 5195 570 5253 sommus
589 5194 712 5254 innotis
732 5194 767 5253 ad
787 5199 811 5265 §.
825 5197 906 5253 xiii.
1390 5222 1404 5248 .
1424 5197 1518 5254 tonius
1539 5195 1637 5254 Geraia
1658 5195 1741 5254 Cerd.
1760 5193 2006 5260 bibliothecarius,
2024 5209 2081 5251 una
2099 5209 2165 5252 curn
2185 5193 2256 5250 sele·

555 5285 593 5350 (2)
610 5281 719 5340 liehac
737 5281 850 5341 SixtiV.
864 5285 1063 5342 constitutione
1078 5283 1171 5341 insius·
1184 5284 1243 5357 agit
1256 5285 1317 5340 iiu·
1389 5306 1403 5336 a
1424 5286 1556 5343 ctissimis
1571 5285 1636 5343 viris
1649 5284 1776 5343 eamdam
1791 5283 1886 5341 inierit
1903 5283 2055 5350 radonem,
2070 5289 2103 5340 ut
2117 5277 2258 5354 explorata

449 5371 582 5445 garsilius
595 5370 673 5430 inira
695 5370 731 5428 ad
747 5373 772 5442 i.
789 5377 865 5430 xlii.
1393 5397 1405 5426 ι
1425 5374 1510 5433 reteri
1528 5373 1649 5436 lectione
1667 5391 1699 5434 ex
1715 5371 1834 5446 ameptis
1854 5377 1912 5430 toto
1929 5369 2082 5431 messano
2097 5367 2164 5426 orbe
2181 5371 2259 5426 retu·

555 5464 593 5528 (ti)
611 5463 664 5516 Per
681 5460 756 5520 idem
777 5459 835 5539 fere
857 5469 966 5534 tempus
984 5461 1121 5520 iiamuius
1139 5462 1169 5518 in
1189 5463 1249 5518 suis
1267 5477 1318 5519 an·
1393 5486 1406 5513 ι
1425 5461 1558 5519 stissimis
1576 5461 1794 5538 exemplaribus,
1809 5459 1839 5516 in
1856 5457 1989 5516 omnibns
2006 5464 2080 5516 esset
2092 5455 2258 5514 ecclesiasti·

449 5546 561 5608 naiibus
584 5545 838 5607 aeclesiasticis'ad
861 5563 968 5607 sunum
992 5549 1145 5606 ccxxxi.
1168 5565 1246 5607 uum.
1269 5555 1314 5607 tit.
1378 5576 1403 5600 ..
1424 5567 1473 5609 eae
1491 5551 1651 5625 antiquitati
1669 5549 1845 5616 consultum
1859 5549 1953 5606 omnia
1973 5539 2172 5620 cognoscente,
2188 5545 2258 5603 ‹leli-

450 5639 588 5712 praeclare
606 5637 758 5697 scribebat:
777 5638 936 5696 «Consulto
953 5636 1059 5696 metum
1078 5648 1133 5708 est,
1150 5646 1183 5698 ut
1200 5641 1229 5694 in
1249 5639 1317 5695 Vui-
1390 5664 1404 5690 ι
1424 5649 1520 5713 gente,
1529 5650 1614 5714 atque
1623 5654 1733 5697 summa
1745 5634 1885 5695 industria
1895 5636 2124 5710 disquirente,ao
2136 5632 2258 5706 denique

450 5753 463 5780 ι
485 5733 564 5801 gata,
578 5741 634 5801 qus
646 5727 772 5786 Ecclesia
786 5725 892 5795 untur,
905 5739 938 5783 or
952 5724 1062 5784 decreto
1073 5725 1243 5783 saermaacti
1255 5725 1317 5784 'rii
1390 5753 1403 5780 ι
1425 5732 1532 5803 potiora
1549 5730 1685 5804 probante
1700 5725 1797 5784 mem
1813 5729 1875 5800 ipso
1891 5721 2162 5794 summoPontiiiee,
2176 5723 2259 5780 cuius

451 5842 465 5868 ι
484 5815 594 5875 dantini
612 5816 742 5888 concilii,
759 5809 950 5888 emendanda,
968 5817 1017 5888 qui
1035 5816 1111 5888 operi
1129 5813 1264 5889 praeibit,
1281 5816 1318 5875 ob
1392 5841 1405 5868 ι
1426 5819 1525 5891 ingens
1542 5815 1668 5876 sardium
1688 5825 1773 5888 atque
1792 5815 1906 5873 solertis
1925 5817 1956 5872 in
1974 5813 2071 5872 mem
2092 5825 2174 5886 opem
2192 5809 2257 5866 diu-

451 5928 464 5956 »
485 5905 614 5962 eximiam
637 5903 791 5963 doctrinam
812 5902 916 5962 eleetos
935 5921 950 5964 a
972 5903 1059 5962 §Sibe
1078 5905 1111 5962 i).
1132 5906 1166 5962 ii.
1187 5905 1263 5964 Sixto
1281 5909 1315 5964 v.
1390 5931 1403 5959 s
1423 5907 1529 5965 tissirm
1546 5915 1576 5964 at
1593 5904 1802 5966 amentissime
1820 5905 1980 5978 vigilam.-
