4804 6692
884 574 1202 654 eructassem

962 765 1139 868 ’μ’

329 927 513 1038 Vulgata
538 916 674 1007 latitia
699 927 821 1009 editio
844 947 941 1008 onte
962 894 1183 1008 concilium
1210 916 1494 1006 Tridentinum
1522 895 1760 999 celebratam

743 1053 942 1161 quomodo
969 1081 1011 1133 sc
1037 1049 1236 1132 habuerit.

246 1231 349 1332 Quo·
360 1248 466 1314 statu
485 1231 780 1314 fuerintssiblia
801 1233 926 1314 latina
946 1234 1108 1338 vulgata
1126 1231 1169 1310 in
1191 1229 1304 1310 libris
1324 1227 1524 1337 impressis
1544 1227 1652 1307 circa
1672 1224 1845 1306 medium
1867 1253 1951 1306 sae*

139 1352 274 1434 culum
296 1353 701 1438 XVI..demonstrare
724 1383 808 1436 non
836 1357 995 1438 attioatr
1018 1369 1178 1464 praesto
1201 1379 1376 1461 namque
1403 1368 1499 1433 sunt
1522 1349 1718 1432 editiones
1740 1351 1951 1459 quamplu-

140 1480 282 1576 rimae,
308 1479 458 1587 quibus
483 1480 728 1562 adornandis
755 1507 829 1588 per
852 1506 981 1562 annos
1005 1480 1176 1587 amplius
1199 1496 1360 1560 centum
1382 1479 1425 1558 in
1446 1475 1602 1586 Belgio,
1626 1476 1669 1556 in
1693 1473 1803 1556 ltalia
1830 1492 1951 1583 atque

142 1603 181 1682 in
206 1601 348 1684 Galliis
371 1605 549 1712 primarii
573 1606 812 1714 typographi
837 1606 1138 1686 incumbebant.
1159 1599 1238 1685 Sed
1261 1602 1453 1712 quoniam
1476 1629 1561 1682 non
1578 1599 1761 1682 absolute
1783 1617 1823 1680 et
1846 1601 1889 1680 in
1911 1626 1952 1680 se

141 1726 335 1808 eiusnodi
359 1727 557 1812 editiones
575 1749 669 1810 sunt
686 1729 999 1811 considerandae
1018 1729 1115 1830 dum
1133 1730 1266 1838 agitur
1288 1726 1340 1808 de
1360 1723 1590 1808 earumdem
1618 1725 1861 1834 integritate,
1882 1735 1951 1805 sau'

141 1851 547 1948 mavis'correctione,
568 1881 707 1935 rerum
729 1854 1025 1964 comparatione
1047 1855 1148 1934 facta
1170 1870 1209 1933 et
1228 1879 1320 1934 cum
1339 1850 1476 1933 Bibliis
1497 1877 1620 1930 manu
1644 1850 1848 1959 prioribus
1870 1877 1953 1930 sae·

52 2075 54 2080 ¹
139 1976 239 2058 culis
269 1976 496 2086 descriptis,
517 1996 664 2061 etcum
684 1980 781 2084 illis,
802 2004 906 2087 qnae
935 1995 1026 2088 post
1052 1978 1266 2060 concilium
1284 1973 1568 2057 Tridentinum
1590 1975 1636 2054 in
1651 1975 1797 2082 vulgus
1814 1975 1951 2056 emisa

141 2099 322 2182 fuerunt:
346 2130 420 2184 nos
448 2104 557 2183 omni
585 2102 828 2185 confidentia
854 2105 1083 2201 asserimus,
1106 2101 1234 2186 Biblia
1261 2103 1420 2210 vulgata
1444 2098 1572 2198 edita,
1597 2115 1720 2210 prout
1747 2099 1953 2182 circumf-
2068 2205 2071 2213 ἴ

144 2224 336 2307 rebantur
363 2227 485 2336 paolo
514 2247 606 2308 ante
634 2228 785 2310 dictum
813 2228 1050 2324 concilium,
1077 2228 1169 2336 plus
1197 2224 1333 2336 quoad
1360 2223 1678 2308 emendationem
1708 2223 1872 2306 dictasse
1900 2227 1953 2308 ab

142 2347 350 2432 hodiernis
370 2353 636 2452 clementinis,
662 2355 793 2434 nunrrs
814 2369 949 2433 autem
971 2383 995 2434 a
1017 2353 1299 2460 manuscriptis
1320 2351 1433 2433 CCC.
1456 2350 1613 2432 circiter
1635 2377 1847 2466 annorum..
1874 2348 1954 2432 Ve-

142 2488 366 2556 rumtamen
392 2475 657 2560 diversimode
683 2476 951 2588 loquendum,
978 2475 1011 2557 si
1039 2477 1093 2557 ab
1121 2505 1229 2558 anno
1257 2473 1447 2556 xxxvl.
1478 2473 1635 2556 circiter
1664 2471 1810 2554 sacculi
1842 2475 1949 2554 Xlll.

138 2601 378 2708 assurgimus
404 2601 456 2684 ad
483 2603 576 2683 XII.
598 2603 660 2683 vel
681 2604 798 2684 etiam
825 2602 897 2680 XI.
923 2603 1138 2684 saeculum.
1164 2599 1293 2682 Valde
1316 2627 1491 2710 namque
1512 2599 1648 2708 plures
1675 2601 1954 2706 corruptiones

139 2723 326 2806 inventae
353 2744 447 2808 sunt
474 2729 516 2808 in
543 2728 826 2808 communibus
855 2727 1133 2836 manuscriptis
1157 2725 1297 2807 Bibliis
1324 2751 1445 2834 quam
1478 2725 1520 2806 in
1546 2724 1634 2806 aliis
1662 2724 1954 2832 postmodium

141 2850 341 2930 saeculum
367 2852 479 2931 Xlll.
503 2881 548 2934 ac
575 2851 766 2961 deinceps
797 2852 1034 2960 conscriptis
1060 2853 1132 2958 (r).
1147 2851 1450 2930 Testimonium
1481 2849 1835 2930 luculentissimum
1861 2852 1954 2934 huic

141 2970 193 3048 rei
223 2999 322 3052 cura
350 2972 516 3080 praebet
541 2973 735 3081 Stephani
765 2975 817 3053 ll.
850 2976 928 3055 Ab.
962 2975 1161 3072 Cistercii,
1193 3003 1216 3054 a
1244 3001 1328 3082 quo
1363 3001 1470 3054 anno
1502 2972 1648 3053 MClX.
1678 2972 1806 3054 Bibtia
1832 2974 1954 3056 latina

139 3092 394 3175 collatarum
417 3095 585 3193 luserint,
609 3097 799 3178 adhibitis
823 3100 865 3178 in
887 3100 1180 3181 consultatione
1208 3097 1348 3206 peritis
1370 3126 1418 3179 ex
1443 3095 1614 3196 iudaeis,
1640 3095 1816 3178 codicem
1837 3126 1953 3180 suurn

141 3215 435 3302 redundantem
459 3223 533 3302 hac
556 3223 645 3302 illac
670 3223 824 3304 invenit
848 3225 905 3329 (a)
928 3224 1072 3330 (Conf.
1095 3223 1299 3303 lllabillon.
1322 3217 1419 3328 edit.
1443 3223 1553 3330 opp.
1573 3249 1608 3302 r.
1629 3221 1869 3326 Bemordi).
1896 3226 1955 3302 De

139 3341 410 3449 singularibus
433 3364 472 3427 et
494 3348 781 3429 vetustioribus
807 3347 1015 3436 codicibus
1040 3352 1093 3429 in.
1108 3347 1356 3432 monasteriis
1381 3374 1427 3426 aa
1450 3345 1679 3454 Principum
1708 3345 1873 3430 aedibus
1895 3378 1955 3462 as3

137 3470 307 3554 servatis
334 3499 420 3554 non
450 3472 619 3578 egistus.
651 3474 792 3580 (Circa
820 3472 1382 3568 hos·adesis-Br‘anchinium,¹
1408 3470 1630 3554 Vindicius
1660 3472 1954 3556 canonicarum
2059 3567 2061 3574 y

138 3589 447 3699 Scripturas-um
469 3598 515 3674 V
512 3597 675 3703 ulgatoe
701 3596 820 3693 edis,
845 3599 930 3706 qui.
944 3596 994 3678 de
1018 3598 1165 3704 triptici
1193 3595 1369 3681 eiusdem
1393 3612 1501 3680 statu
1522 3596 1723 3708 puritatis
1749 3613 1841 3680 ante
1864 3623 1954 3705 per-

129 3717 372 3799 mixtionem
394 3748 486 3801 cum
509 3721 628 3816 ltals,
649 3722 937 3830 permistionis
956 3720 1150 3833 eiusdem,
1175 3740 1214 3802 et
1238 3721 1493 3803 comestionis
1511 3749 1534 3804 a
1554 3720 1698 3804 Carolo
1717 3721 1862 3829 Magno
1883 3752 1956 3830 per.

137 3839 353 3928 Alcuinurn
382 3847 591 3952 praestitae
618 3848 709 3954 agit·
724 3875 767 3954 p.·
787 3848 1286 3934 CCCXX.·CCCXXVlll.
1308 3846 1519 3949 CCCXL.)

242 3968 373 4050 Cuius
403 3971 567 4080 quidem
600 3974 656 4052 rei
688 3974 718 4054 si
754 3975 854 4057 ratio
884 3973 935 4054 sit
964 3969 1167 4056 afferenda
1180 4033 1193 4071 ,
1223 3974 1320 4054 haec
1353 3973 1429 4052 erit
1460 3971 1664 4082 profecto;
1695 3971 1808 4080 quod
1839 3973 1955 4054 sicuti

138 4093 365 4193 praesentia
394 4095 552 4200 vulgata
579 4126 602 4176 a
627 4099 799 4178 romanis
827 4099 1146 4180 correctionibus
1173 4099 1375 4179 meliorem
1402 4125 1513 4178 suam
1539 4095 1811 4179 conditionem
1833 4127 1955 4208 agno-

137 4233 277 4312 scunt,
301 4219 483 4328 itaquae
506 4249 528 4300 a
547 4219 678 4302 medio
702 4224 859 4302 saeculo
880 4223 987 4302 Xlll.
1011 4228 1140 4333 'usque
1163 4222 1213 4304 ad
1241 4224 1459 4304 Robertum
1482 4221 1752 4328 Stephanum,
1774 4219 1854 4304 sive
1874 4254 1955 4304 ma-

137 4343 365 4452 nuscripta,
387 4347 469 4425 sive
494 4345 599 4426 edita
626 4366 923 4457 apparuerunt,
945 4334 1262 4456 ordini'patrom
1289 4347 1608 4456 praedicatorum
1637 4347 1956 4456 suamqoalem·

14 4505 15 4512 ἒ
136 4493 313 4578 cumque
331 4472 547 4554 bonitatem
567 4473 748 4554 referunt
764 4491 981 4581 acceptam.
1001 4475 1130 4554 Huius
1150 4483 1325 4582 namque
1344 4473 1548 4580 religiosae
1568 4471 1733 4552 familiae
1751 4473 1951 4568 homines,

242 4653 283 4721 (t)
301 4649 495 4708 Certissimum
524 4651 601 4727 enlm
632 4652 944 4726 exploratissimnmqua
972 4659 1014 4710 est
1088 4679 1101 4706 υ
1122 4668 1184 4714 vers
1198 4618 1318 4728 appetit,
1333 4653 1439 4712 lactum
1457 4663 1515 4722 est,
1528 4663 1560 4712 ut
1572 4653 1695 4712 diversas
1706 4650 1824 4710 diremit
1834 4665 1954 4728 musn-

136 4739 327 4809 clementinas
339 4740 453 4815 vulgati
467 4740 605 4802 aditiones
620 4743 758 4816 eomagh
774 4741 905 4802 amedera
920 4740 956 4800 ad
969 4757 1011 4800 re·
1039 4773 1043 4812 ς
1085 4768 1099 4797 ι
1119 4744 1197 4803 ttbus
1214 4743 1428 4812 mutationes,
1444 4743 1482 4800 lta
1501 4741 1726 4805 antemonet
1743 4741 1859 4802 cosmas
1877 4744 1954 4810 tint,

137 4831 313 4891 tustissimos
326 4831 483 4891 Bibliorum
501 4831 612 4892 codices
628 4834 657 4891 in
672 4833 742 4895 locis
758 4833 863 4908 quibus
878 4833 1012 4894 recedunt

136 4917 170 4976 ab
192 4917 369 4978 editionibus
389 4919 476 4978 secuh
496 4910 576 4990 XV.,'
595 4936 654 4997 quo
675 4921 768 4980 minus
788 4921 890 4980 istaes
914 4934 1013 4980 manu·

134 5010 248 5082 scriptis
269 5010 475 5069 recentioribus
494 5011 611 5070 distant.
632 5016 761 5070 cetmurn
783 5011 859 5086 quod
880 5012 1014 5070 hocloco

135 5097 324 5174 ngarellius
345 5103 445 5161 assent
462 5101 498 5160 de
518 5103 746 5176 corruptionibus
765 5101 895 5163 codicum
917 5103 1012 5163 seculo

137 5192 186 5246 xl.
201 5200 230 5250 et
247 5191 381 5265 mouenti
399 5193 638 5266 conscriptorum,
655 5193 838 5252 confirmatur
853 5195 1014 5252 testimonio

136 5279 268 5354 lingonis
287 5297 304 5338 a
323 5295 346 5338 s.
359 5281 471 5340 Victore
488 5280 646 5354 (CLXXV,
663 5289 739 5354 ts),
756 5282 805 5357 qui
824 5282 927 5341 diserte
945 5285 1013 5342 scri-

138 5481 150 5504 ·
171 5458 292 5518 cordate
314 5461 403 5536 magis
424 5461 538 5536 pmhata
559 5471 619 5531 est,
638 5461 744 5522 idcirco
765 5464 889 5523 Ecclesia
910 5463 1012 5523 Christi

138 5565 220 5621 ·per
249 5549 413 5608 universam
440 5549 609 5611 latinitatem
644 5569 710 5624 prae
738 5555 856 5610 caeteris
882 5553 1015 5618 omnibus

139 5661 151 5684 ν
171 5639 426 5706 translationibus,
439 5658 511 5715 quas
524 5643 623 5700 vitiosa
638 5643 914 5716 interpretabamur
926 5643 1016 5716 prima

139 5751 150 5776 ι
170 5727 205 5786 de
224 5728 351 5788 hebraea
370 5731 400 5788 in
419 5748 569 5804 maecum,
589 5731 646 5790 sive
667 5730 790 5810 sccpndu
810 5731 850 5793 dc.
863 5747 963 5804 macco
984 5733 1014 5788 in

139 5839 151 5864 ·
172 5815 298 5876 laticum
318 5817 407 5890 facta,
426 5806 603 5894 corruperat,
621 5820 695 5878 hanc
712 5821 803 5879 solam
822 5819 971 5894 legendam
989 5829 1017 5880 et

139 5931 151 5954 ι·
171 5906 202 5964 iu
216 5908 390 5966 auctoritate
404 5909 562 5969 ltabendam
579 5910 735 5968 constituit.
749 5911 810 5976 Usu
824 5919 917 5968 autem
932 5924 1017 5984 prava

14 6004 15 6017 ¹
137 6018 151 6042 n
170 5996 384 6070 invalescente,
405 6000 451 6072 qni
477 6016 690 6074 nonaunrqusm
713 6000 795 6060 salita
818 5995 907 6077 magu
928 6014 1013 6074 luam

340 6097 423 6171 Ton.
447 6098 471 6170 l.

1086 4856 1099 4882 n
1119 4840 1153 4890 ut
1171 4847 1258 4906 manc
1276 4847 1353 4892 nuuc
1369 4833 1437 4906 quid
1456 4833 1502 4890 cai
1519 4831 1702 4895 tribuendum
1718 4833 1757 4890 sit
1771 4833 1952 4906 ignoratn.-

1086 4922 1235 5000 Deuique,
1259 4926 1292 4979 ut
1317 4922 1389 4980 allos
1415 4922 1693 4996 praetermittamus,
1716 4919 1787 4979 Milo
1809 4919 1957 4995 crispinus

1042 5041 1058 5064 ·,
1084 5013 1159 5082 (ot,
1171 5017 1237 5081 tt.)
1256 5027 1305 5086 per
1320 5009 1449 5070 eamdem
1465 5010 1525 5072 fers
1535 5018 1654 5070 mutem
1672 5009 1828 5070 Bibliorum
1846 5009 1958 5070 munes

1084 5105 1260 5176 scriptoram
1279 5105 1349 5160 sttto
1370 5105 1492 5160 stratam
1511 5104 1665 5176 comrptas
1676 5097 1773 5172 satim
1793 5101 1901 5158 assent.

1194 5197 1231 5260 (t)
1249 5191 1362 5250 Pmetar
1375 5188 1549 5264 Stephanum
1570 5189 1609 5246 ll.
1622 5188 1676 5247 Ab.
1692 5188 1817 5246 Cistercli
1830 5186 1881 5258 (de
1898 5205 1956 5263 quo

1083 5279 1121 5338 cs.
1141 5282 1273 5337 Histoire
1292 5281 1439 5338 tttteratre
1459 5277 1496 5337 ds
1516 5279 1547 5337 la
1566 5281 1680 5336 &aare
1697 5275 1763 5349 IX,
1776 5283 1837 5336 tta.
1854 5286 1882 5337 et
1901 5277 1954 5336 Ps-

135 5367 191 5426 bit:
208 5392 221 5418 ι
235 5371 407 5446 Biemnymi
421 5372 570 5436 masiano
582 5375 648 5448 quia
665 5372 810 5433 trebericae
824 5373 932 5433 veritati
947 5389 1013 5432 arn-
1028 5371 1046 5442 'f
1085 5372 1151 5431 trel.
1168 5371 1361 5440 terrenti,
1382 5373 1478 5438 tart.)
1494 5367 1670 5434 hamran
1690 5369 1891 5437 matusael..
1909 5370 1955 5426 tt:

1085 5467 1130 5519 94.
1141 5501 1150 5530 ,
1161 5463 1260 5518 Petrus
1274 5462 1355 5517 Dant.
1370 5459 1481 5527 CXLV,
1495 5465 1575 5522 aaa,
1590 5459 1715 5516 Francus
1725 5457 1858 5516 scholast.
1869 5457 1954 5526 CLX,

1052 5530 1056 5564 ³
1085 5548 1166 5621 sss,
1179 5549 1311 5624 otpertus
1327 5549 1418 5618 ccx,
1435 5551 1514 5617 ms..
1527 5543 1687 5606 condonas
1703 5537 1957 5604 autoretate

1088 5641 1120 5698 ta
1136 5645 1249 5698 Frssre
1263 5640 1330 5709 vlt,
1347 5645 1407 5696 tlt.
1424 5639 1479 5708 ΙΧ,
1497 5636 1678 5709 attulitque
1694 5636 1789 5710 plures
1805 5635 1957 5692 mtitamnt

1087 5730 1183 5790 seculo
1202 5731 1253 5802 xt.
1276 5737 1306 5788 et
1324 5729 1453 5800 sequenti
1474 5726 1523 5800 qui
1545 5741 1688 5784 saemrum
1714 5723 1844 5783 radicum
1866 5735 1957 5780 mtre-

1088 5821 1211 5880 ctionem
1232 5827 1441 5894 pertentatum:
1462 5815 1623 5874 stillarum
1644 5815 1737 5874 studia
1758 5827 1810 5870 nac
1831 5809 1900 5868 satls
1919 5810 1954 5868 ad

1088 5912 1202 5968 criticae
1213 5910 1282 5968 artis
1293 5923 1415 5968 canones
1427 5915 1538 5978 exacta,
1552 5921 1603 5964 nec
1620 5902 1751 5963 omnibus
1770 5899 1883 5974 probata
1897 5896 1956 5958 iue-

1088 6007 1168 6066 runt;
1182 5996 1306 6074 adeoque
1326 5997 1401 6056 lraud
1424 5995 1489 6056 inde
1508 6011 1607 6066 magna
1628 5991 1735 6052 utilitas
1750 5987 1883 6069 ¹derivata
1902 5999 1952 6048 est.

1743 6115 1760 6161 0
