4804 6692
456 499 585 580 LXVIII
1201 498 1518 577 P-IIOLEGOIIENII

1250 694 1285 791 2.
1312 689 1461 769 xxlv.

571 849 695 930 Ratio
723 848 848 926 huius
875 848 1141 928 clementinae
1167 849 1373 929 editionis.
1403 848 1615 954 Quomodo
1644 845 1824 956 repetitu.
1853 844 2141 926 Correctorium

689 1001 918 1052 rornonum.
948 973 1227 1054 Clementinue
1253 1001 1346 1053 curn
1372 974 1532 1072 sixtina
1558 971 1732 1050 editione
1758 973 2023 1079 comparatio.

560 1149 645 1227 Tali
669 1166 788 1255 pacto
811 1142 1114 1226 difficultatibus
1133 1175 1237 1253 2222
1256 1148 1509 1228 rationabiles
1529 1165 1660 1228 essent
1677 1147 1890 1254 superatis,
1913 1148 2053 1227 ceteris
2075 1174 2171 1226 vero
2192 1145 2262 1224 ab

454 1273 603 1379 ruptis,
630 1272 859 1378 impressori
886 1268 991 1348 Aldo
1015 1270 1193 1348 blauutio
1219 1270 1311 1350 Aldi
1339 1273 1551 1379 abnepoti,
1576 1273 1690 1350 cuius
1711 1271 1870 1350 officina
1896 1271 2008 1349 libris
2028 1268 2196 1349 edendis
2220 1270 2261 1348 in

453 1396 633 1475 vaticana
662 1395 744 1501 ipsa
774 1394 1015 1476 bibliotheca
1042 1391 1141 1470 Sixti
1164 1392 1214 1470 V.
1245 1394 1354 1474 iussu
1383 1411 1473 1473 ante
1500 1422 1628 1476 annos
1656 1395 1837 1500 quinque
1865 1395 2077 1473 constituta
2105 1392 2260 1486 fuerat,

453 1516 581 1597 Bibiia
599 1514 752 1596 edenda
772 1516 1000 1595 traduntur.
1026 1517 1103 1593 lste
1122 1516 1217 1595 folio
1241 1519 1410 1597 maximo
1432 1536 1551 1624 atque
1571 1515 1705 1596 iisdem
1724 1517 2017 1596 characteribus
2037 1543 2149 1609 usus,
2171 1515 2263 1620 qui·

452 1640 529 1720 bus
557 1641 699 1720 sixtina
725 1639 851 1720 Biblia
880 1641 953 1718 iam
982 1640 1255 1746 impresserat,
1285 1658 1377 1719 ante
1404 1642 1553 1719 exitum
1581 1639 1686 1718 illius
1718 1639 1814 1716 anni
1842 1637 2044 1716 bittxcti.
2075 1664 2178 1746 opus
2210 1633 2262 1714 ad

453 1765 572 1842 finem
590 1763 788 1872 perducit.
812 1763 949 1869 (cles
967 1763 1222 1868 exemplaires
1240 1765 1290 1843 de
1314 1769 1428 1870 1592.
1450 1781 1561 1861 sont,
1581 1763 1660 1841 sort
1681 1790 1806 1857 rares,
1827 1761 1924 1840 mais
1944 1788 2045 1840 ceux
2067 1760 2118 1838 de
2143 1762 2259 1866 ¹590·

454 1905 545 1967 sont
570 1916 621 1968 au
647 1915 745 1994 rang
771 1885 840 1966 des
866 1887 984 1964 livres
1007 1887 1043 1963 le
1066 1887 1157 1991 plus
1184 1886 1427 1993 puisieux.»
1452 1886 1686 1980 Renouurd,
1714 1885 1743 1963 l.
1763 1912 1798 1963 s.
1818 1884 1880 1987 2.)
1906 1885 1964 1961 De
1992 1884 2105 1961 euius
2132 1882 2261 1990 perse·

453 2011 585 2092 ctione
604 2028 644 2090 et
662 2014 703 2091 in
724 2039 765 2090 se
783 2008 1017 2092 considerati
1039 2025 1077 2088 et
1096 2025 1320 2115 comparate
1339 2008 1389 2087 ad
1409 2007 1650 2116 praecedens
1676 2034 1780 2114 opus
1804 2007 1916 2084 Iocus
1939 2022 1997 2085 est
2021 2003 2258 2084 disserendi.

453 2136 555 2215 Cum
572 2163 616 2214 ea
637 2136 687 2215 sit
705 2135 902 2214 humanae
925 2132 1165 2212 conditionis
1188 2132 1451 2226 imbecillitas,
1476 2149 1519 2210 ut
1538 2160 1588 2210 ne
1608 2132 1649 2208 in
1668 2129 1987 2235 diligentioribus
2007 2127 2170 2235 quidem
2189 2127 2262 2205 im-

453 2259 623 2337 munitas
651 2258 702 2336 ab
730 2256 932 2336 erroribus
960 2255 1094 2352 detur,
1119 2253 1243 2334 Aldus
1270 2255 1333 2333 hic
1361 2271 1495 2332 noster
1523 2254 1564 2332 id
1593 2271 1782 2360 expertus
1810 2268 1887 2350 est;
1908 2252 2000 2330 licet
2029 2253 2135 2331 enim
2163 2277 2261 2358 ope·

451 2382 563 2460 ribus
593 2382 674 2460 suis
702 2381 811 2458 omni
840 2379 1050 2458 sedulitate
1081 2379 1371 2485 invigilaverit,
1402 2396 1523 2485 atque
1555 2378 1719 2456 eximios
1751 2376 1917 2455 haberet
1948 2375 2262 2482 typographieos

451 2521 713 2599 correctores,
736 2505 777 2581 in
801 2503 1005 2582 nonnullis
1030 2519 1159 2580 tamen
1183 2530 1323 2608 parum
1346 2521 1486 2581 cautus
1510 2502 1701 2610 peccavit.
1728 2501 1992 2579 Inveniuntur
2015 2499 2197 2607 profecto
2218 2500 2261 2577 in

452 2631 526 2708 hac
553 2627 727 2708 editione
755 2625 950 2735 quaedam
978 2627 1103 2706 aliena
1127 2626 1177 2705 ab
1202 2624 1477 2705 emendatione
1505 2654 1625 2732 quam
1654 2622 1974 2730 diligentissimus
1999 2621 2163 2701 Toletus
2190 2651 2261 2730 pa-

450 2767 623 2849 raverat3
652 2767 691 2828 et
719 2750 899 2857 quamvis
927 2749 1051 2827 errori
1080 2747 1310 2854 deputanda
1340 2777 1423 2827 non
1449 2749 1548 2844 sint,
1575 2749 1706 2826 minus
1733 2765 1862 2825 tamen
1891 2761 1985 2824 sunt
2012 2747 2260 2826 accuratissi-

450 2900 536 2951 mae
563 2871 730 2952 editioni
758 2871 1039 2977 congruentia,
1066 2886 1125 2966 et,
1147 2871 1180 2948 si
1201 2871 1332 2949 dicere
1360 2871 1417 2950 fas
1445 2888 1522 2965 est,
1548 2870 1712 2976 indigua
1737 2868 1806 2948 fidi
1832 2871 2073 2977 typographi
2103 2869 2256 2949 officio.

449 2994 681 3077 Cuiusmodi
708 3012 804 3074 sunt
829 2996 1043 3073 verborum
1071 2995 1424 3101 transpositiones:
1455 3023 1517 3072 ex.
1549 3023 1608 3098 gr.
1635 2993 1760 3073 Levit.
1788 2993 1961 3089 XXVII,
1993 3022 2057 3099 27.
2089 2995 2262 3074 Toletus

449 3121 640 3226 scriptum
670 3118 885 3223 reliquerat
911 3147 938 3194 u
966 3134 1002 3194 te
1029 3119 1288 3196 aestimatum
1311 3120 1466 3224 suerit,
1497 3118 1566 3197 sed
1593 3120 1806 3224 impessum
1833 3133 1893 3194 est
1919 3146 1947 3197 o
1974 3133 2010 3195 te
2029 3118 2166 3221 suerit
2193 3147 2262 3196 ue-

448 3244 684 3336 stimotum,
718 3241 873 3347 aliaque
900 3241 1019 3320 huius
1053 3243 1207 3345 generis
1240 3242 1386 3322 leviora
1419 3240 1579 3350 quidem
1608 3242 1650 3320 in
1683 3268 1752 3335 se,
1782 3259 1952 3348 atquae
1986 3237 2168 3347 ἀκριβείᾳ
2201 3258 2260 3320 at-

449 3384 559 3446 tenta
583 3369 639 3472 (1)
665 3363 850 3470 fugienda
879 3383 1013 3460 erant;
1037 3366 1110 3442 nisi
1140 3363 1242 3443 sorte
1266 3364 1394 3444 eidem
1422 3367 1495 3472 ipsi
1524 3366 1668 3445 Toleto
1696 3383 1764 3445 aut
1792 3365 1956 3444 cuilibet
1976 3365 2042 3442 alii
2070 3383 2259 3471 typogra-

449 3490 569 3596 phica
599 3513 719 3594 opera
754 3487 998 3592 corrigenti,
1032 3485 1081 3564 de
1114 3514 1197 3592 quo
1231 3489 1327 3565 certi
1360 3487 1458 3566 nihil
1491 3488 1757 3583 affirmamus,
1791 3489 1844 3567 ita
1882 3487 2135 3568 scribendum
2173 3516 2260 3569 esse

450 3612 658 3721 placuerit.
688 3610 836 3690 Verum
865 3611 1023 3690 maioris
1052 3613 1241 3690 momenti
1268 3628 1362 3690 sunt
1390 3640 1494 3718 quae
1522 3630 1747 3719 sequuntur
1774 3612 1977 3709 hostium,
2005 3640 2080 3719 pro
2108 3613 2260 3692 ostium

450 3741 548 3816 Gen.
566 3736 676 3830 XIX,
693 3735 756 3831 6.;
781 3752 879 3813 testu
899 3751 972 3828 est,
993 3761 1069 3840 pro
1089 3751 1199 3812 testo
1218 3751 1275 3813 est
1292 3737 1389 3814 Lev.
1404 3737 1514 3831 XIX,
1538 3765 1621 3844 19.;
1633 3735 1746 3842 filiis
1765 3737 1913 3830 Isrnel,
1932 3737 2110 3844 prostlii
2128 3739 2263 3818 Israel

449 3862 525 3939 Ios.
549 3859 644 3953 Xll,
673 3887 728 3956 1.;
751 3859 802 3938 ab
830 3857 995 3936 lcunzero
1023 3874 1060 3936 et
1088 3886 1268 3954 rursum,
1294 3887 1369 3965 pro
1397 3859 1448 3938 ub
1477 3861 1641 3940 luunero
1665 3878 1702 3938 et
1723 3888 1885 3939 seersum
1909 3860 1927 3938 I
1953 3862 2048 3966 Reg.
2071 3861 2129 3956 X,
2161 3863 2255 3960 23.;

448 3986 581 4063 hostio
608 3983 808 4076 cubiculi,
834 4010 910 4089 pro
934 3983 1039 4060 ostia
1065 3983 1245 4060 cubiculi
1262 3979 1398 4061 Iudith
1420 3983 1534 4080 XIII,
1561 4011 1619 4079 1.,
1640 4010 1717 4090 per
1739 4000 1900 4061 centum
1928 4012 2152 4078 annorum,
2178 4013 2259 4091 pro

440 4138 549 4217 puer
568 4125 728 4186 centum
748 4133 952 4184 annorum
972 4109 1045 4183 Isa.
1068 4105 1192 4200 LXV,
1215 4134 1281 4184 20.
1302 4107 1475 4185 Casuum
1500 4109 1830 4213 permutationes,
1852 4125 1972 4214 atque
1995 4135 2260 4216 personarum

446 4234 488 4312 in
516 4232 648 4313 verbis
675 4230 915 4323 omittimus,
947 4228 1062 4306 sicuti
1090 4245 1129 4306 et
1156 4231 1413 4335 repetitiones
1439 4230 1658 4336 quasdam,
1689 4233 2031 4338 incongruumque
2059 4233 2259 4312 rationem

446 4352 667 4464 punctandi
688 4353 832 4431 alicubi
852 4350 1161 4458 deprehensam,
1184 4379 1309 4458 quum
1333 4353 1431 4432 haec
1450 4381 1552 4460 quae
1574 4355 1776 4432 attulimus
1795 4355 2020 4463 speciminis
2038 4383 2155 4434 causa
2176 4358 2261 4436 suf·

445 4551 612 4609 auctoritate
624 4549 763 4606 vioeimur
774 4563 886 4618 eorum,
900 4548 948 4620 qui
962 4549 990 4604 io
1007 4547 1143 4605 eiusmodi
1159 4548 1243 4606 rebus
1255 4565 1317 4605 exa·

446 4639 603 4710 mirandis,
619 4637 820 4708 retractandis,
835 4638 1013 4694 rumInandis
1028 4653 1084 4694 non
1103 4646 1229 4693 exactum
1247 4637 1315 4695 adeo

1388 4549 1565 4608 tholomaeus
1580 4550 1724 4608 Vatrerde.
1738 4575 1751 4601 n
1765 4553 1806 4607 Ex
1823 4553 1944 4624 pretioso
1961 4551 2015 4609 hoc
2031 4552 2200 4611 documento
2217 4555 2263 4611 in·

1388 4639 1542 4710 telligimus
1566 4655 1705 4710 quaenam
1729 4639 1804 4696 inter
1825 4649 1994 4697 correctores
2019 4639 2123 4698 luerim
2145 4649 2261 4698 senten·

448 4727 573 4786 studium
595 4736 765 4801 posueruut3
784 4743 896 4794 vereor,
916 4728 1049 4800 inquam,
1069 4729 1092 4785 si
1114 4729 1183 4784 haec
1203 4729 1268 4784 ritIa
1289 4734 1318 4784 et

449 4815 550 4875 menda
567 4833 626 4874 non
646 4817 830 4874 restituantur
849 4819 977 4886 (exacte,
995 4815 1075 4884 dico,
1094 4824 1122 4872 et
1139 4817 1315 4888 Incorrupte,

447 4907 490 4963 uti
505 4905 629 4979 postulat
640 4912 782 4962 mutarum
797 4921 890 4962 rerum
909 4906 1080 4962 severissima
1098 4906 1242 4972 tractuum
1259 4921 1317 4961 ma·

447 4993 568 5052 IedIctus
583 4993 657 5051 onitu
677 4991 776 5061 homo,
796 4992 844 5065 qui
863 5009 935 5066 opus
952 4995 1005 5049 Dei
1025 4993 1199 5064 negligenter
1215 4992 1315 5064 facit),

447 5099 555 5152 vereor,
570 5084 704 5156 inquam,
720 5099 756 5140 22
775 5083 839 5155 2122
858 5083 939 5139 nobis
958 5081 1053 5139 odium
1072 5085 1223 5141 excitemus
1243 5083 1318 5156 apud

448 5171 567 5242 impios,
586 5171 810 5244 reprehensionis
828 5187 892 5228 rero
911 5171 986 5243 apud
1008 5179 1137 5241 nostros,
1157 5188 1242 5245 quam
1269 5189 1318 5244 po·

448 5258 515 5332 pulo
529 5260 682 5318 christiano
697 5259 833 5330 salutem,
846 5260 1024 5317 concordiam
1042 5269 1070 5316 et
1084 5261 1318 5334 tranquillitatem

447 5349 599 5421 pariamus.
616 5350 707 5406 Tuum
722 5358 816 5407 autem
833 5357 890 5418 est,
904 5351 985 5406 Pater
999 5358 1109 5417 sancte,
1123 5358 1234 5406 maturo
1250 5365 1316 5407 con·

446 5439 510 5496 silio
531 5446 560 5495 et
580 5436 781 5496 deliberatione
802 5447 867 5496 ante
891 5454 989 5495 noram
1013 5439 1242 5511 Impressiouem,
1266 5455 1317 5512 pro

445 5529 520 5594 beo,
535 5542 584 5601 pro
599 5527 728 5596 veritate,
741 5542 791 5599 pro
806 5527 925 5598 iustitia,
942 5542 990 5600 pro
1004 5528 1095 5585 salute
1113 5527 1232 5600 dentque
1246 5529 1315 5584 San·

446 5615 551 5672 utitatis
568 5617 715 5674 Vestraeet
732 5617 787 5674 rita
807 5617 917 5674 animae
939 5633 1022 5688 2222,
1042 5633 1092 5690 pro
1111 5626 1212 5674 cuncto
1232 5617 1312 5674 deni·

446 5718 500 5775 que
516 5705 619 5777 populo
636 5704 804 5776 christinae,
817 5721 877 5762 eam
895 5703 966 5764 ferre
981 5707 1164 5774 sententiam,
1180 5721 1251 5778 2222
1266 5722 1314 5763 22-

446 5807 500 5863 222
515 5795 657 5851 retractari
674 5810 766 5867 neque
780 5794 931 5868 aIIquando
947 5797 1087 5852 immutari
1109 5797 1204 5867 possit.
1226 5795 1311 5862 (sub-

446 5881 591 5952 scriptus)
603 5883 764 5944 sanctitatis
778 5885 891 5944 Vestrae
906 5884 1085 5942 humillimus
1101 5899 1195 5943 serrtu
1207 5882 1235 5942 d.
1249 5887 1314 5943 Bar·

1389 4727 1492 4783 tIarum
1510 4726 1643 4795 divortia3
1659 4726 1708 4783 alii
1728 4731 1804 4784 enim
1824 4727 1954 4785 hebraico
1974 4729 2058 4785 textui
2078 4738 2127 4786 out
2142 4743 2259 4800 graecu,

1388 4815 1437 4873 aiii
1453 4815 1550 4871 laticis
1567 4815 1683 4872 testibus
1698 4817 1782 4872 otmIs
1798 4816 1969 4874 tribuebant.
1984 4817 2029 4872 Ab
2045 4820 2261 4890 2212222222-

1389 4912 1444 4962 tem
1466 4903 1554 4976 partis
1579 4913 1676 4960 mutua
1698 4907 1899 4977 teruperatione
1922 4905 1960 4962 ita
1983 4906 2143 4964 absolutum
2168 4907 2259 4980 perie-

1388 5003 1521 5065 ctumque
1539 5002 1725 5049 correctorum
1743 5009 1813 5066 opus
1832 4993 1949 5066 prodiit,
1964 5003 1997 5052 ut
2013 4996 2053 5052 rei
2073 5013 2089 5054 a
2108 4997 2260 5070 sapientis·

1389 5083 1462 5140 sImo
1478 5081 1605 5154 quolibet
1621 5083 1679 5138 riro
1698 5081 1740 5138 nil
1756 5083 1846 5156 magis
1861 5085 2012 5156 expolitum
2031 5085 2131 5143 babere
2149 5087 2259 5158 potuis·

1391 5185 1494 5228 semus.

1496 5263 1535 5327 (1)
1551 5261 1592 5315 Ex
1610 5259 1724 5318 laudato
1742 5261 1857 5318 Levitici
1875 5262 1979 5336 capite,
1998 5263 2122 5336 itemque
2141 5281 2175 5322 ex
2194 5265 2259 5322 aliis

1387 5363 1444 5406 non
1465 5353 1561 5422 paucis
1577 5349 1725 5420 exemplis,
1743 5351 1909 5410 confirmare
1927 5351 2042 5424 quidem
2061 5369 2211 5425 22222222
2228 5353 2258 5410 id

1389 5439 1464 5512 quod
1486 5440 1539 5496 hoc
1561 5440 1622 5496 Ioco
1639 5441 1820 5512 Ungareliius
1840 5439 2053 5508 aninredrertit3
2075 5449 2201 5499 anemae
2221 5457 2259 5499 ne

1386 5537 1521 5586 attentam
1539 5527 1700 5587 deseramus
1718 5530 1870 5602 ἀκρίβειαν,
1887 5529 2002 5601 quaein
2020 5530 2096 5586 bisce
2111 5529 2196 5588 rebus
2214 5546 2258 5588 re·

1384 5619 1522 5690 quiritur,
1539 5619 1687 5676 emendare
1705 5618 1835 5688 cogimur
1852 5617 1929 5691 quod
1946 5618 2130 5690 Uogarettius
2147 5635 2181 5676 ex
2200 5621 2256 5676 To·

1385 5705 1442 5763 leto
1458 5709 1583 5780 protulit.
1604 5709 1674 5764 Nam
1692 5707 1716 5763 is
1734 5707 1888 5764 certissime
1903 5707 2019 5765 sixtinos
2036 5716 2173 5780 sequutus
2187 5709 2259 5766 scri·

1384 5805 1462 5870 ptum
1485 5798 1635 5870 reliquerat
1647 5795 1747 5866 suerit
1765 5813 1786 5852 c
1806 5800 1834 5853 te
1852 5799 2061 5866 certioratum,
2080 5796 2117 5856 de
2137 5813 2194 5870 222
2215 5797 2257 5856 Ie-

1386 5889 1478 5945 ctione
1495 5887 1654 5946 nombouea
1674 5893 1786 5944 nostras
1802 5884 1929 5945 conserte
1946 5888 2061 5960 poteris.
