4746 6676
474 491 543 564 13l
1124 487 1418 564 GENESISJGAP.
1439 487 1597 562 xxxvlh

521 639 608 710 lhid.
632 639 786 710 Perrexit
806 636 1058 735 erpo-Sintes
1077 663 1154 710 cum
1174 638 1325 738 antiquis

472 754 550 826 edd.
570 778 656 851 pene
675 751 860 836 universis,
876 767 910 824 et
928 753 1025 826 Bran.
1043 751 1140 826 Goth.
1157 753 1181 824 Ι.
1197 779 1230 826 c.
1247 754 1326 825 Per

474 869 561 940 rexit
586 870 696 964 itaque
704 895 715 951 ,·
734 866 826 938 unde
850 866 1001 940 Toletus:
1020 868 1135 964 alege
1159 894 1254 965 erqo,·
1274 867 1325 942 sic

475 1013 492 1052 0
509 981 630 1057 Ordin.
644 997 677 1054 et
689 981 922 1077 congregatio.
936 1011 954 1051 0
967 983 1050 1054 Nam
1069 981 1183 1053 sintini
1201 995 1235 1053 et
1251 1007 1324 1078 gra·

471 1099 618 1198 goriani,
635 1096 925 1172 consentientibus
941 1096 1187 1196 antiquioribus
1204 1097 1319 1184 codd,

474 1215 520 1288 ita
553 1211 732 1310 legendum
767 1212 942 1284 duxerant.
972 1210 1068 1284 Conl.
1096 1212 1204 1284 Rocca
1235 1211 1259 1283 l.
1288 1238 1318 1286 c.

472 1331 601 1404 Codll
623 1330 845 1426 Perrccitque.

523 1448 583 1517 18.
605 1469 678 1515 eum
694 1440 943 1540 procul-Cod.
959 1439 989 1512 A
1005 1441 1122 1540 procul
1143 1467 1232 1526 00,·
1247 1441 1325 1515 Gui-

472 1563 587 1636 bertus
620 1576 707 1633 tacet
736 1559 864 1656 procul.
894 1557 957 1630 Pro
987 1556 1170 1641 accederet,
1198 1557 1274 1630 cod.
1298 1557 1324 1628 ll

472 1676 650 1748 accederet.

522 1791 609 1863 lhid.
631 1792 853 1887 copulaverunt
878 1787 974 1858 illem
998 1785 1200 1858 occidere-
1214 1785 1319 1860 Codd.

471 1909 514 1992 A,
541 1905 583 1991 G,
607 1905 648 1990 S,
669 1901 860 1975 Eucherius
885 1926 947 1998 pro
972 1900 1087 1984 illum,
1112 1899 1229 1997 legunt
1252 1927 1325 1972 eum

477 2027 598 2120 (quam
614 2018 790 2091 lectionem
812 2015 958 2088 tribuere
978 2039 1045 2088 non
1063 2013 1238 2087 debuisset
1251 2014 1326 2086 Vul-

474 2152 550 2232 gato
570 2130 837 2206 llontfauconius
857 2129 892 2201 in
911 2130 1096 2227 Heropl.);
1112 2128 1265 2203 Isidorus
1281 2131 1321 2218 ll,

476 2252 558 2322 340.
576 2246 717 2320 occidere
734 2272 807 2316 eum
824 2247 1063 2342 coqitcoeruut,·
1078 2243 1168 2315 Beda
1185 2242 1209 2315 l.
1225 2269 1257 2316 c.
1273 2269 1326 2315 oc·

474 2365 579 2437 cidere
599 2363 696 2435 illum
712 2363 952 2459 copitoverunt;
968 2359 1057 2430 Beda
1072 2359 1125 2445 lv,
1145 2361 1244 2445 350,
1261 2360 1326 2432 Ra·

475 2481 584 2552 hanus
616 2475 757 2548 occidere
788 2501 861 2546 eum
887 2474 1094 2572 capitulorum
1124 2471 1325 2546 Godelridus

473 2595 495 2667 l.
514 2621 545 2667 c.
559 2592 747 2690 copitohcot
760 2591 856 2660 illum
869 2588 1028 2672 occidere,·
1044 2587 1222 2660 Guibertus
1238 2589 1325 2686 ccqi-

474 2725 624 2783 tcoeront
645 2707 820 2805 interficere
840 2733 923 2776 eum.

522 2829 580 2899 ΞΒ.
613 2827 716 2897 venite
730 2866 778 2876 -
792 2820 991 2894 Godesridus
1023 2819 1046 2893 l.
1068 2845 1099 2893 c.
1123 2835 1221 2895 tacet.
1248 2821 1325 2894 Post

474 2942 658 3022 mittamus,
675 2935 775 3010 codd.
789 2934 828 3021 G,
844 2934 870 3004 ll
888 2935 1019 3008 addunt
1030 2960 1120 3018 eum,·
1135 2933 1323 3007 itemhehr.

474 3073 506 3130 et
530 3071 672 3128 veteres.
703 3053 782 3124 Post
807 3052 999 3133 rhomen,
1029 3047 1208 3121 (luihertus
1233 3047 1329 3120 addit

478 3172 573 3242 haue.
604 3169 666 3240 Pro
696 3166 919 3264 dicemusque,
948 3163 1023 3237 cod.
1049 3162 1078 3234 A
1103 3162 1323 3260 dicamusque.

476 3285 551 3356 hlox
570 3281 646 3355 cod.
664 3281 688 3351 B
707 3279 766 3351 illi
779 3292 933 3378 prosum,
949 3277 1049 3350 codd.
1065 3278 1109 3364 Β,
1126 3277 1161 3366 S,
1178 3275 1328 3350 Godelri-

474 3399 540 3472 dus
562 3396 586 3469 l.
604 3423 633 3471 0.
650 3396 782 3495 prosint
801 3395 867 3465 illi.

526 3515 584 3586 21.
606 3511 749 3584 Audiens
768 3523 876 3580 ouum
891 3507 1150 3594 hoc-Sixtini,
1167 3505 1268 3580 codd.
1284 3505 1325 3594 A,

477 3632 514 3716 Β,
532 3628 571 3716 G,
585 3628 628 3714 Β,
644 3627 686 3714 Β,
704 3625 744 3711 G,
760 3625 803 3711 Η,
817 3623 860 3711 0,
877 3623 912 3710 S,
929 3623 966 3711 Τ,
983 3622 1073 3710 U,V‚
1089 3621 1175 3694 Bibl.
1188 3620 1325 3710 Ordin,

478 3744 595 3841 Ilugo,
618 3741 797 3815 Guibertus
822 3753 935 3813 tacent
957 3754 1086 3822 cutem,-
1108 3738 1225 3811 00οΒ
1249 3737 1331 3836 legit

476 3859 546 3933 Hoc
569 3857 728 3942 audieris,
756 3859 852 3928 Brev.
873 3855 971 3928 Goth.
994 3853 1018 3926 l.
1039 3879 1069 3927 c.
1092 3870 1124 3926 et
1149 3853 1330 3953 pleraeque

477 3976 554 4048 edd.
571 3989 651 4048 vett.
668 3972 809 4044 Audiens
829 3986 938 4043 autem
957 3972 1046 4043 hoec.

527 4092 586 4161 ΞΒ.
613 4088 818 4188 interficietis
834 4129 884 4140 --
901 4084 1036 4158 Toletus
1064 4084 1141 4157 heic
1167 4084 1326 4156 adnotat:

481 4237 497 4274 0
514 4206 552 4276 ln
572 4203 686 4290 hebr,
704 4226 842 4299 graeco,
859 4201 957 4296 heg,
974 4197 1142 4298 Complut.
1159 4216 1191 4271 et
1207 4196 1327 4272 Ordin.

480 4351 497 4389 0
514 4335 569 4393 est
585 4318 835 4417 interficiamus,-
855 4313 1078 4388 lovaniensia
1102 4328 1215 4385 autem
1236 4327 1274 4386 ut
1295 4315 1331 4387 in

481 4465 497 4504 0
516 4451 608 4508 textu
626 4435 708 4527 (seu
721 4431 776 4503 ed.
789 4429 873 4501 Sinti
885 4427 963 4522 V.);
980 4441 1014 4500 et
1033 4427 1083 4500 sic
1097 4426 1234 4526 reliquit
1245 4427 1333 4503 Gon·

480 4581 497 4618 »
515 4547 685 4646 gragatim
701 4575 719 4614 0
733 4570 852 4644 nempe
870 4541 1060 4639 gregoriani
1077 4567 1153 4616 curn
1172 4543 1272 4615 codd.
1287 4542 1328 4632 A,

477 4664 515 4749 Β,
531 4665 567 4750 S;
585 4687 662 4735 nam
681 4659 798 4733 sixtini
815 4656 1101 4756 adstipulantibus
1116 4656 1216 4730 codd.
1232 4659 1275 4744 l),
1292 4660 1329 4745 F,

477 4778 521 4866 G,
539 4777 587 4863 ll,
604 4777 640 4862 L,
657 4776 701 4862 ll,
719 4775 757 4861 T,
774 4775 814 4860 U,
830 4774 868 4858 V,
884 4772 1042 4846 omnibus
1062 4773 1213 4871 antiquis
1233 4773 1328 4860 edd,

479 4892 629 4991 exceptis
643 4888 869 4974 hentenianis‚
887 4887 1066 4973 Eucherio,
1082 4887 1253 4974 (luiberto,
1269 4888 1333 4962 ltu-

1404 638 1586 738 »Gompl.,
1603 639 1701 735 hog,
1718 634 1839 711 Ordin.
1855 633 1971 734 legunt
1988 634 2025 708 in
2043 635 2155 736 prima
2179 661 2252 736 per·

1403 785 1422 824 0
1439 779 1524 828 sona
1538 780 1596 828 nec
1613 751 1839 850 effundamus;
1854 751 1978 826 Lovan.
1990 751 2025 822 in
2040 777 2187 852 persona
2205 775 2254 826 se·

1401 899 1422 940 0
1438 870 1550 943 cunda
1574 896 1632 942 occ
1656 866 1845 966 effundatis.
1871 865 2093 964 congregatio
2118 865 2256 967 reliquit

1404 1013 1422 1053 0
1438 1001 1475 1057 ut
1493 984 1530 1055 in
1551 999 1644 1057 textu
1667 981 1768 1079 (Sinti
1787 982 1846 1076 V.)
1869 979 2024 1054 hahetur.
2039 1010 2058 1050 n
2073 981 2123 1052 Ex
2142 980 2195 1052 Pii
2213 979 2250 1050 V.

1401 1097 1645 1172 correctoribus
1671 1098 1823 1196 quinquo
1846 1095 2008 1196 primaru,
2029 1110 2178 1194 quatuor
2202 1119 2256 1168 se·

1399 1216 1546 1287 cundam
1560 1239 1740 1314 personam
1753 1212 1996 1314 praeferebant.
2004 1210 2126 1282 Sixtini
2138 1225 2174 1283 et
2186 1233 2256 1306 gre

1400 1329 1532 1426 goriani
1553 1329 1672 1415 silent,
1692 1328 1846 1426 adeoque
1865 1325 2041 1402 lectionem
2059 1325 2176 1398 lovan.
2195 1322 2256 1396 ad·

1401 1444 1547 1517 mittunt.
1565 1445 1718 1517 Ceterum
1732 1442 1850 1540 legunt
1862 1467 1920 1515 nec
1932 1439 2138 1538 effundamus
2149 1437 2252 1512 codd.

1401 1557 1438 1644 C,
1456 1558 1498 1645 Β,
1514 1558 1555 1644 E,
1572 1558 1609 1644 Β,
1626 1557 1668 1642 G,
1686 1557 1722 1643 L,
1740 1557 1783 1644 ll,
1800 1557 1837 1643 T,
1854 1556 1895 1642 U,
1911 1555 1949 1643 V,
1964 1554 2033 1630 duo
2051 1553 2151 1628 codd.
2169 1551 2257 1624 ldar-

1401 1673 1544 1761 tiannei,
1565 1673 1639 1746 cod.
1662 1672 1779 1746 Urbin.
1800 1671 1891 1770 apud
1912 1669 2132 1752 Vallensium,
2153 1669 2253 1741 Brev.

1401 1788 1500 1861 Goth.
1518 1787 1541 1859 l.
1558 1812 1606 1874 c.,
1623 1787 1718 1860 hliss.
1739 1812 1823 1860 rom.
1841 1786 1865 1860 l.
1883 1811 1932 1871 c.,
1953 1783 2159 1870 Eucherius,
2177 1782 2258 1855 Gni-

1400 1903 1536 1991 bartus,
1561 1903 1750 2002 Repertus,
1779 1901 1981 1976 Godalridus
2006 1900 2030 1972 l.
2055 1926 2112 1986 c.,
2136 1901 2257 1972 Petrus

1402 2018 1514 2104 Com„
1532 2041 1720 2116 omnesque
1737 2017 1898 2116 antiquae
1913 2015 2009 2102 edd,
2025 2031 2160 2114 praeter
2177 2014 2258 2087 hen·

1402 2133 1569 2206 tenianas.
1599 2133 1688 2204 Cave
1713 2159 1756 2206 ne
1783 2148 1882 2232 putes
1906 2143 2008 2204 unam
2032 2129 2259 2228 eamdemque

1401 2272 1478 2320 esse
1497 2245 1599 2319 huius
1618 2262 1651 2320 et
1666 2245 1853 2347 superioris
1868 2244 1961 2318 verbi
1979 2244 2154 2317 rationem.
2173 2245 2258 2316 Naro

1401 2361 1501 2458 longe
1523 2359 1620 2433 aliter
1640 2387 1678 2433 se
1703 2385 1756 2433 res
1779 2357 1881 2432 habet
1901 2360 1936 2430 in
1962 2383 2059 2432 sacro
2082 2373 2197 2443 textu,
2219 2385 2258 2431 ex

1390 2499 1469 2574 quo
1484 2491 1576 2573 patet
1588 2474 1705 2547 Ruben
1721 2476 1828 2572 primo
1842 2474 2010 2570 cogitasse
2023 2473 2067 2546 de
2078 2471 2260 2548 liberando

1401 2587 1565 2688 losepho,
1590 2607 1693 2687 atque
1718 2589 1846 2662 dixisse
1871 2589 1961 2662 intra
1981 2613 2035 2662 se:
2057 2588 2108 2662 Ne
2134 2589 2261 2688 interf*

1401 2706 1526 2776 ciam
1539 2705 1646 2776 illum.
1667 2705 1743 2777 hlox
1762 2729 1841 2778 vero
1856 2702 1900 2777 ad
1919 2703 2039 2778 iratres
2056 2727 2260 2777 conversum

1402 2820 1451 2893 sie
1474 2820 1550 2892 illos
1571 2817 1755 2892 allocutum
1778 2818 1901 2894 luisse:
1920 2819 1971 2894 Ne
1989 2819 2170 2917 effundetis
2192 2837 2256 2896 etc.

1402 2934 1498 3009 Cous.
1514 2935 1564 3008 De
1577 2935 1697 3008 Vence.
1714 2933 1758 3008 At
1774 2959 1854 3009 vero
1871 2931 1938 3007 alia
1959 2935 2097 3010 omnino
2115 2951 2170 3009 est
2186 2961 2262 3008 ver-

1402 3049 1522 3124 borum
1541 3066 1708 3123 structura
1729 3051 1819 3150 apud
1835 3050 2030 3147 vulgatum,
2047 3050 2082 3122 in
2095 3077 2174 3152 ¹quo
2192 3050 2262 3124 duo

1403 3164 1461 3238 illa
1480 3165 1585 3240 verba
1598 3167 1661 3240 uix
1680 3164 1779 3240 aliter
1797 3167 1907 3240 efferri
1929 3181 2083 3266 possunt.

1453 3278 1540 3352 lbid.
1564 3280 1819 3354 hono-Codd.
1837 3283 1873 3368 L,
1891 3281 1931 3368 Β,
1947 3282 2056 3354 maior
2074 3307 2154 3382 pars
2176 3297 2259 3355 vett.

1404 3394 1497 3482 edd.,
1517 3397 1614 3469 llrev.
1631 3395 1728 3469 (loth.
1745 3396 1769 3467 l.
1786 3419 1817 3468 o.
1834 3412 1988 3482 ueterem
2007 3394 2094 3468 ltibl.
2111 3393 2259 3483 Ordin,

1404 3512 1484 3584 Ven.
1511 3511 1619 3583 148⁰.
1645 3509 1753 3584 ll82.
1781 3514 1887 3584 tuse.
1914 3528 2096 3610 utrumque
2119 3510 2262 3585 verbum

1405 3623 1531 3699 babent
1544 3624 1627 3698 hanc
1638 3641 1792 3711 osorem
1806 3642 1960 3700 neutrum
1975 3623 2178 3699 (lodelridus
2191 3623 2216 3696 l.
2228 3651 2260 3698 c.

1404 3741 1610 3815 Hodiernam
1633 3739 1828 3828 lectionem,
1855 3736 1898 3816 ad
1920 3739 2022 3814 fidem
2043 3741 2263 3840 antiquorum

1404 3856 1527 3943 codd.,
1551 3855 1585 3927 in
1605 3857 1677 3929 suis
1698 3855 1867 3957 prioribus
1886 3855 1966 3929 edd.
1983 3854 2103 3930 extulit
2120 3855 2258 3930 llobert.

1405 3972 1538 4072 Steph.;
1559 3971 1780 4070 eamdemque
1806 3970 1992 4071 probarunt
2013 3971 2261 4056 lovanienses,

1406 4103 1611 4161 correctores
1629 4085 1679 4156 Pii
1696 4085 1734 4158 V.
1750 4101 1784 4158 et
1803 4084 1924 4184 reliqui
1945 4108 2120 4171 censoras;
2136 4084 2215 4157 cod.
2233 4082 2264 4157 0

1407 4215 1521 4274 monet
1536 4200 1648 4287 hebr,
1665 4221 1822 4296 graecum
1839 4215 1873 4272 et
1886 4215 2017 4272 veteres
2033 4197 2145 4296 legere
2161 4199 2260 4272 hone.

1406 4315 1497 4390 beda
1511 4314 1534 4386 l.
1546 4339 1577 4388 c.
1591 4339 1653 4412 pro
1664 4339 1859 4412 morsusque,
1878 4313 2106 4388 habetmonua
2120 4339 2260 4412 quoque.

1458 4431 1517 4502 ΤΒ.
1537 4430 1659 4527 fratres
1674 4428 1940 4501 suos--l'aeeut
1956 4452 2139 4527 pronomen
2157 4426 2260 4500 codd.

1408 4545 1455 4632 A,
1470 4545 1512 4632 ll,
1529 4544 1571 4632 C,
1588 4544 1633 4631 Β,
1654 4545 1695 4632 Β,
1712 4541 1756 4631 ll,
1777 4542 1826 4629 Η,
1842 4543 1882 4630 S,
1897 4543 1940 4629 Τ,
1960 4541 2006 4628 U,
2021 4542 2059 4626 v,
2080 4541 2261 4628 llnbnnus,

1409 4659 1608 4746 Guibertus,
1632 4659 1745 4731 Bruue
1766 4655 1927 4731 utensis.
1951 4655 2026 4731 llox
2052 4655 2208 4730 lsidorus
2232 4673 2266 4729 et

1408 4775 1499 4848 lleda
1523 4773 1560 4848 ll.
1583 4797 1634 4846 cc.
1658 4773 1774 4871 legunt
1793 4773 1958 4873 polymito
1981 4787 2012 4845 et
2038 4774 2158 4858 talari,-
2183 4775 2265 4847 item

1408 4889 1551 4988 August.
1569 4905 1593 4961 t.
1612 4890 1647 4961 V.
1663 4889 1810 4988 Appeod.
1825 4888 1966 4964 cot-st.
1982 4885 2034 4964 Gi.
2051 4912 2157 4988 supra
2173 4915 2207 4962 r.
2226 4891 2261 4962 Β.

477 5021 589 5107 porto,
605 5003 784 5080 Godolrido
801 5004 825 5077 l.
842 5030 890 5090 c.,
906 5003 1001 5076 llrev.
1016 5001 1115 5076 Goth.
1130 5001 1155 5074 l.
1169 5029 1216 5090 0.,
1233 5003 1329 5079 llliss.
1459 5008 1518 5078 24.
1538 5006 1756 5103 miseruntque
1772 5003 2030 5090 eom-Sixtini,
2047 5004 2147 5079 codd.
2164 5003 2208 5090 A,
2223 5004 2262 5090 G,

478 5147 562 5197 rom.
579 5121 604 5194 l.
621 5147 669 5208 e.,
685 5122 836 5220 itemque
854 5117 1048 5204 Ambrosio,
1065 5117 1163 5192 hebr.
1179 5135 1213 5192 et
1236 5145 1333 5216 grae·
1408 5123 1450 5210 Β,
1467 5121 1512 5206 Β,
1530 5119 1572 5209 G,
1589 5121 1637 5208 ll,
1654 5117 1696 5206 Ο,
1713 5121 1756 5206 Β,
1772 5121 1810 5206 Τ,
1829 5119 1870 5208 U,
1885 5113 1972 5190 Blbl.
1988 5117 2127 5204 Ordin,
2144 5119 2261 5217 llugo,

480 5261 540 5322 co,
566 5235 682 5333 legunt
706 5236 958 5335 interficiemus,
976 5231 1076 5306 codd.
1094 5231 1136 5320 G,
1157 5233 1189 5305 E.
1209 5236 1334 5334 tempt-
1409 5236 1611 5321 Eucherius,
1627 5233 1802 5322 babarus,
1820 5234 2017 5321 Gnibertus,
2033 5234 2202 5334 hupertus
2220 5251 2268 5308 ta·

480 5354 611 5426 cemus.
628 5349 727 5425 Conf.
744 5348 842 5424 lectio
862 5373 950 5450 quae
970 5346 1135 5448 sequitur.
1410 5367 1486 5425 cent
1508 5373 1710 5450 pronomem
1727 5349 1815 5423 conl.
1833 5347 1983 5423 Holmoe.

526 5467 614 5540 lbid.
635 5491 692 5539 ceo
711 5463 1033 5564 effuodcttis-lleic
1047 5485 1184 5563 quoquc
1198 5463 1333 5550 Tolum
1459 5465 1547 5539 lbid.
1563 5463 1855 5538 ueterem-Toleti
1868 5461 2017 5538 schedae
2028 5463 2171 5538 hahent:
2185 5463 2267 5539 «Vo-

476 5580 611 5656 scrihit:
631 5580 702 5653 «ln
720 5581 819 5655 hebr.
836 5595 870 5654 et
886 5605 1007 5679 graeco
1025 5579 1169 5654 habetur
1182 5582 1229 5658 Et
1244 5580 1335 5656 debit
1413 5605 1520 5656 »cam
1534 5595 1682 5654 -ueterem
1700 5578 1817 5679 legunt
1835 5575 1983 5680 Gomph,
1999 5579 2098 5676 lleg,
2113 5581 2213 5667 lom,
2234 5595 2268 5653 et

478 5695 647 5768 »Iluheos
666 5695 719 5771 Ne
736 5694 932 5795 effundetis3
951 5693 1016 5770 sod
1037 5695 1072 5768 in
1096 5691 1210 5770 latinis
1229 5691 1330 5772 codd.
1413 5695 1563 5797 »plnres
1584 5697 1759 5798 impressi3
1777 5691 1838 5770 ssd
1860 5720 1927 5770 nou
1946 5695 2090 5770 hahetur
2108 5695 2143 5768 in
2164 5693 2261 5770 hebr.

480 5835 582 5884 »non
608 5808 776 5888 hahentur
796 5809 856 5886 illa
872 5809 920 5884 Bt
941 5809 1177 5884 dr‘sit'lluleo.
1194 5809 1238 5889 At
1254 5834 1334 5887 varo
1413 5835 1583 5911 sgraeeo,
1600 5809 1721 5886 Ordin.
1739 5809 1996 5911 et'qnibusdam
2014 5835 2101 5885 mss.
2117 5809 2265 5906 Congre-
