<?xml version="1.0" encoding="UTF-8"?>
<!DOCTYPE html PUBLIC "-//W3C//DTD XHTML 1.0 Transitional//EN"
    "http://www.w3.org/TR/xhtml1/DTD/xhtml1-transitional.dtd">
<html xmlns="http://www.w3.org/1999/xhtml" xml:lang="en" lang="en">
 <head>
  <title>
</title>
<meta http-equiv="Content-Type" content="text/html;charset=utf-8" />
  <meta name='ocr-system' content='tesseract 3.04.00' />
  <meta name='ocr-capabilities' content='ocr_page ocr_carea ocr_par ocr_line ocrx_word'/>
</head>
<body>
  <div class='ocr_page' id='page_1' title='image "./variaelectiones00vercgoog_0118.png"; bbox 0 0 4750 6694; ppageno 0'>
   <div class='ocr_carea' id='block_1_1' title="bbox 779 531 1939 614">
    <p class='ocr_par' dir='ltr' id='par_1_1' title="bbox 779 531 1939 614">
     <span class='ocr_line' id='line_1_1' title="bbox 779 531 1939 614; baseline -0.003 -2"><span class='ocrx_word' id='word_1_1' title='bbox 779 536 1023 614; x_wconf 72' lang='lat' dir='ltr'>arenatius</span> <span class='ocrx_word' id='word_1_2' title='bbox 1047 536 1236 613; x_wconf 76' lang='lat' dir='ltr'>amnicus</span> <span class='ocrx_word' id='word_1_3' title='bbox 1838 533 1909 609; x_wconf 80' lang='lat' dir='ltr'>CX}</span> <span class='ocrx_word' id='word_1_4' title='bbox 1937 531 1939 535; x_wconf 71' lang='grc'>’</span> 
     </span>
    </p>
   </div>
   <div class='ocr_carea' id='block_1_2' title="bbox 101 683 1915 1906">
    <p class='ocr_par' dir='ltr' id='par_1_2' title="bbox 102 683 1909 1040">
     <span class='ocr_line' id='line_1_2' title="bbox 103 683 1909 796; baseline -0.001 -30"><span class='ocrx_word' id='word_1_5' title='bbox 103 687 222 766; x_wconf 87' lang='lat' dir='ltr'>Hanc</span> <span class='ocrx_word' id='word_1_6' title='bbox 248 683 463 766; x_wconf 91' lang='lat' dir='ltr'>ediderunt</span> <span class='ocrx_word' id='word_1_7' title='bbox 489 684 634 792; x_wconf 89' lang='lat' dir='ltr'>partim</span> <span class='ocrx_word' id='word_1_8' title='bbox 661 683 878 786; x_wconf 84' lang='lat' dir='ltr'>Villoison,</span> <span class='ocrx_word' id='word_1_9' title='bbox 904 687 1164 796; x_wconf 88' lang='lat' dir='ltr'>Argentorati</span> <span class='ocrx_word' id='word_1_10' title='bbox 1190 715 1256 768; x_wconf 92' lang='lat' dir='ltr'>an.</span> <span class='ocrx_word' id='word_1_11' title='bbox 1284 686 1399 794; x_wconf 68' lang='lat'>1784.</span> <span class='ocrx_word' id='word_1_12' title='bbox 1412 745 1424 784; x_wconf 94' lang='lat'>,</span> <span class='ocrx_word' id='word_1_13' title='bbox 1448 685 1594 793; x_wconf 89' lang='lat' dir='ltr'>partim</span> <span class='ocrx_word' id='word_1_14' title='bbox 1621 687 1813 781; x_wconf 88' lang='lat' dir='ltr'>Ammon,</span> <span class='ocrx_word' id='word_1_15' title='bbox 1838 685 1909 764; x_wconf 86' lang='lat' dir='ltr'>Er-</span> 
     </span>
     <span class='ocr_line' id='line_1_3' title="bbox 102 806 1907 920; baseline 0 -32"><span class='ocrx_word' id='word_1_16' title='bbox 102 810 243 914; x_wconf 82' lang='lat' dir='ltr'>langae</span> <span class='ocrx_word' id='word_1_17' title='bbox 271 835 409 917; x_wconf 88' lang='lat' dir='ltr'>179o.,</span> <span class='ocrx_word' id='word_1_18' title='bbox 435 809 506 916; x_wconf 92' lang='lat' dir='ltr'>qui</span> <span class='ocrx_word' id='word_1_19' title='bbox 530 806 702 892; x_wconf 84' lang='lat' dir='ltr'><strong>editores</strong></span> <span class='ocrx_word' id='word_1_20' title='bbox 726 808 844 916; x_wconf 93' lang='lat' dir='ltr'>plura</span> <span class='ocrx_word' id='word_1_21' title='bbox 872 809 922 891; x_wconf 90' lang='lat' dir='ltr'>de</span> <span class='ocrx_word' id='word_1_22' title='bbox 949 809 1034 890; x_wconf 91' lang='lat' dir='ltr'>eius</span> <span class='ocrx_word' id='word_1_23' title='bbox 1058 825 1185 891; x_wconf 87' lang='lat' dir='ltr'>aetate</span> <span class='ocrx_word' id='word_1_24' title='bbox 1212 826 1334 920; x_wconf 87' lang='lat' dir='ltr'>atque</span> <span class='ocrx_word' id='word_1_25' title='bbox 1359 835 1437 890; x_wconf 90' lang='lat' dir='ltr'>usu</span> <span class='ocrx_word' id='word_1_26' title='bbox 1464 809 1602 890; x_wconf 91' lang='lat' dir='ltr'>critico</span> <span class='ocrx_word' id='word_1_27' title='bbox 1630 807 1907 917; x_wconf 81' lang='lat' dir='ltr'>disputarunt3</span> 
     </span>
     <span class='ocr_line' id='line_1_4' title="bbox 102 931 1555 1040; baseline -0.001 -27"><span class='ocrx_word' id='word_1_28' title='bbox 102 932 335 1013; x_wconf 88' lang='lat' dir='ltr'>conferatur</span> <span class='ocrx_word' id='word_1_29' title='bbox 361 957 527 1040; x_wconf 90' lang='lat' dir='ltr'>quoquc</span> <span class='ocrx_word' id='word_1_30' title='bbox 554 933 748 1015; x_wconf 88' lang='lat' dir='ltr'>De-Rossi</span> <span class='ocrx_word' id='word_1_31' title='bbox 775 931 987 1013; x_wconf 82' lang='lat' dir='ltr'>Ialmduz.</span> <span class='ocrx_word' id='word_1_32' title='bbox 1011 935 1101 1012; x_wconf 85' lang='lat' dir='ltr'>alla</span> <span class='ocrx_word' id='word_1_33' title='bbox 1127 962 1160 1013; x_wconf 83' lang='lat' dir='ltr'>s.</span> <span class='ocrx_word' id='word_1_34' title='bbox 1186 934 1325 1015; x_wconf 88' lang='lat' dir='ltr'>Serilt.</span> <span class='ocrx_word' id='word_1_35' title='bbox 1351 933 1386 1035; x_wconf 75' lang='lat' dir='ltr'>S.</span> <span class='ocrx_word' id='word_1_36' title='bbox 1413 934 1555 1014; x_wconf 86' lang='lat' dir='ltr'><em>LVII.</em></span> 
     </span>
    </p>

    <p class='ocr_par' dir='ltr' id='par_1_3' title="bbox 101 1053 1915 1906">
     <span class='ocr_line' id='line_1_5' title="bbox 211 1053 1912 1164; baseline -0.002 -28"><span class='ocrx_word' id='word_1_37' title='bbox 211 1057 251 1136; x_wconf 88' lang='lat'>8.</span> <span class='ocrx_word' id='word_1_38' title='bbox 282 1057 530 1136; x_wconf 88' lang='lat' dir='ltr'>Documenta</span> <span class='ocrx_word' id='word_1_39' title='bbox 550 1055 704 1152; x_wconf 88' lang='lat' dir='ltr'>critica,</span> <span class='ocrx_word' id='word_1_40' title='bbox 726 1053 895 1163; x_wconf 87' lang='lat' dir='ltr'>quibus,</span> <span class='ocrx_word' id='word_1_41' title='bbox 915 1057 959 1136; x_wconf 90' lang='lat' dir='ltr'>in</span> <span class='ocrx_word' id='word_1_42' title='bbox 979 1053 1257 1164; x_wconf 76' lang='lat' dir='ltr'>expendendis</span> <span class='ocrx_word' id='word_1_43' title='bbox 1275 1055 1395 1136; x_wconf 85' lang='lat' dir='ltr'>variis</span> <span class='ocrx_word' id='word_1_44' title='bbox 1416 1054 1658 1137; x_wconf 88' lang='lat' dir='ltr'>lectionibus</span> <span class='ocrx_word' id='word_1_45' title='bbox 1674 1053 1836 1160; x_wconf 75' lang='lat' dir='ltr'>Vulgari</span> <span class='ocrx_word' id='word_1_46' title='bbox 1855 1055 1912 1133; x_wconf 92' lang='lat' dir='ltr'>in·</span> 
     </span>
     <span class='ocr_line' id='line_1_6' title="bbox 101 1175 1912 1286; baseline -0.001 -28"><span class='ocrx_word' id='word_1_47' title='bbox 101 1179 314 1286; x_wconf 84' lang='lat' dir='ltr'>terpretis,</span> <span class='ocrx_word' id='word_1_48' title='bbox 340 1178 403 1257; x_wconf 92' lang='lat' dir='ltr'>usi</span> <span class='ocrx_word' id='word_1_49' title='bbox 429 1205 588 1277; x_wconf 88' lang='lat' dir='ltr'>sumus,</span> <span class='ocrx_word' id='word_1_50' title='bbox 613 1179 806 1258; x_wconf 88' lang='lat' dir='ltr'>hactenus</span> <span class='ocrx_word' id='word_1_51' title='bbox 831 1179 1162 1260; x_wconf 83' lang='lat' dir='ltr'>enumeravimus.</span> <span class='ocrx_word' id='word_1_52' title='bbox 1192 1178 1364 1286; x_wconf 84' lang='lat' dir='ltr'><strong>Reliqua</strong></span> <span class='ocrx_word' id='word_1_53' title='bbox 1390 1175 1590 1274; x_wconf 89' lang='lat' dir='ltr'>subsidia,</span> <span class='ocrx_word' id='word_1_54' title='bbox 1619 1204 1722 1285; x_wconf 89' lang='lat' dir='ltr'>quae</span> <span class='ocrx_word' id='word_1_55' title='bbox 1749 1179 1801 1258; x_wconf 87' lang='lat' dir='ltr'>ab</span> <span class='ocrx_word' id='word_1_56' title='bbox 1828 1193 1912 1257; x_wconf 87' lang='lat' dir='ltr'>arte</span> 
     </span>
     <span class='ocr_line' id='line_1_7' title="bbox 102 1299 1912 1412; baseline -0.002 -30"><span class='ocrx_word' id='word_1_57' title='bbox 102 1303 242 1382; x_wconf 89' lang='lat' dir='ltr'>critica</span> <span class='ocrx_word' id='word_1_58' title='bbox 264 1299 594 1410; x_wconf 81' lang='lat' dir='ltr'>suppeditantur,</span> <span class='ocrx_word' id='word_1_59' title='bbox 616 1328 802 1412; x_wconf 89' lang='lat' dir='ltr'>quaeque</span> <span class='ocrx_word' id='word_1_60' title='bbox 826 1303 1052 1382; x_wconf 89' lang='lat' dir='ltr'>communia</span> <span class='ocrx_word' id='word_1_61' title='bbox 1074 1319 1170 1382; x_wconf 87' lang='lat' dir='ltr'>sunt</span> <span class='ocrx_word' id='word_1_62' title='bbox 1191 1301 1378 1390; x_wconf 90' lang='lat' dir='ltr'>omnibus</span> <span class='ocrx_word' id='word_1_63' title='bbox 1401 1299 1474 1408; x_wconf 91' lang='lat' dir='ltr'>qui</span> <span class='ocrx_word' id='word_1_64' title='bbox 1497 1317 1649 1381; x_wconf 89' lang='lat' dir='ltr'>veteres</span> <span class='ocrx_word' id='word_1_65' title='bbox 1670 1300 1826 1380; x_wconf 89' lang='lat' dir='ltr'>codices</span> <span class='ocrx_word' id='word_1_66' title='bbox 1847 1327 1912 1378; x_wconf 84' lang='lat' dir='ltr'>ex-</span> 
     </span>
     <span class='ocr_line' id='line_1_8' title="bbox 102 1423 1909 1533; baseline -0.002 -30"><span class='ocrx_word' id='word_1_67' title='bbox 102 1425 234 1533; x_wconf 91' lang='lat' dir='ltr'>polire</span> <span class='ocrx_word' id='word_1_68' title='bbox 261 1441 382 1533; x_wconf 87' lang='lat' dir='ltr'>atque</span> <span class='ocrx_word' id='word_1_69' title='bbox 408 1424 629 1508; x_wconf 81' lang='lat' dir='ltr'>emaculare</span> <span class='ocrx_word' id='word_1_70' title='bbox 660 1425 976 1526; x_wconf 83' lang='lat' dir='ltr'>nituntur,non</span> <span class='ocrx_word' id='word_1_71' title='bbox 1003 1443 1063 1506; x_wconf 89' lang='lat' dir='ltr'>est</span> <span class='ocrx_word' id='word_1_72' title='bbox 1087 1453 1160 1508; x_wconf 91' lang='lat' dir='ltr'>cur</span> <span class='ocrx_word' id='word_1_73' title='bbox 1188 1454 1212 1506; x_wconf 89' lang='lat' dir='ltr'>a</span> <span class='ocrx_word' id='word_1_74' title='bbox 1240 1423 1360 1505; x_wconf 91' lang='lat' dir='ltr'>nobis</span> <span class='ocrx_word' id='word_1_75' title='bbox 1388 1423 1467 1506; x_wconf 87' lang='lat' dir='ltr'>hoc</span> <span class='ocrx_word' id='word_1_76' title='bbox 1495 1424 1585 1505; x_wconf 89' lang='lat' dir='ltr'>loco</span> <span class='ocrx_word' id='word_1_77' title='bbox 1616 1439 1909 1532; x_wconf 88' lang='lat' dir='ltr'>proponantur.</span> 
     </span>
     <span class='ocr_line' id='line_1_9' title="bbox 102 1546 1913 1655; baseline -0.001 -27"><span class='ocrx_word' id='word_1_78' title='bbox 102 1549 190 1628; x_wconf 88' lang='lat' dir='ltr'>Nec</span> <span class='ocrx_word' id='word_1_79' title='bbox 218 1549 323 1630; x_wconf 88' lang='lat' dir='ltr'>enim</span> <span class='ocrx_word' id='word_1_80' title='bbox 352 1566 563 1628; x_wconf 88' lang='lat' dir='ltr'>tractatum</span> <span class='ocrx_word' id='word_1_81' title='bbox 590 1547 712 1630; x_wconf 89' lang='lat' dir='ltr'>dere</span> <span class='ocrx_word' id='word_1_82' title='bbox 737 1549 877 1630; x_wconf 87' lang='lat' dir='ltr'>critica</span> <span class='ocrx_word' id='word_1_83' title='bbox 903 1547 1239 1632; x_wconf 89' lang='lat' dir='ltr'>conscribendum</span> <span class='ocrx_word' id='word_1_84' title='bbox 1263 1576 1401 1628; x_wconf 92' lang='lat' dir='ltr'>sumus</span> <span class='ocrx_word' id='word_1_85' title='bbox 1428 1547 1619 1654; x_wconf 82' lang='lat' dir='ltr'>aggressi3</span> <span class='ocrx_word' id='word_1_86' title='bbox 1647 1546 1717 1627; x_wconf 89' lang='lat' dir='ltr'>sed</span> <span class='ocrx_word' id='word_1_87' title='bbox 1744 1574 1913 1655; x_wconf 87' lang='lat' dir='ltr'>appara-</span> 
     </span>
     <span class='ocr_line' id='line_1_10' title="bbox 102 1671 1915 1785; baseline -0.002 -33"><span class='ocrx_word' id='word_1_88' title='bbox 102 1691 191 1756; x_wconf 92' lang='lat' dir='ltr'>tum</span> <span class='ocrx_word' id='word_1_89' title='bbox 215 1672 426 1770; x_wconf 89' lang='lat' dir='ltr'>biblicum,</span> <span class='ocrx_word' id='word_1_90' title='bbox 447 1673 570 1754; x_wconf 85' lang='lat' dir='ltr'>veluti</span> <span class='ocrx_word' id='word_1_91' title='bbox 593 1671 876 1785; x_wconf 88' lang='lat' dir='ltr'>supellectilem</span> <span class='ocrx_word' id='word_1_92' title='bbox 897 1690 1094 1770; x_wconf 88' lang='lat' dir='ltr'>nostram,</span> <span class='ocrx_word' id='word_1_93' title='bbox 1115 1699 1186 1753; x_wconf 89' lang='lat' dir='ltr'>seu</span> <span class='ocrx_word' id='word_1_94' title='bbox 1207 1687 1325 1753; x_wconf 89' lang='lat' dir='ltr'>testes</span> <span class='ocrx_word' id='word_1_95' title='bbox 1346 1698 1520 1779; x_wconf 90' lang='lat' dir='ltr'>quorum</span> <span class='ocrx_word' id='word_1_96' title='bbox 1543 1671 1780 1751; x_wconf 86' lang='lat' dir='ltr'>sententiam</span> <span class='ocrx_word' id='word_1_97' title='bbox 1800 1697 1915 1776; x_wconf 84' lang='lat' dir='ltr'>roga-</span> 
     </span>
     <span class='ocr_line' id='line_1_11' title="bbox 102 1795 1480 1906; baseline 0 -32"><span class='ocrx_word' id='word_1_98' title='bbox 102 1799 255 1896; x_wconf 88' lang='lat' dir='ltr'>vimus,</span> <span class='ocrx_word' id='word_1_99' title='bbox 281 1796 523 1906; x_wconf 79' lang='lat' dir='ltr'>patefacere,</span> <span class='ocrx_word' id='word_1_100' title='bbox 550 1795 889 1904; x_wconf 83' lang='lat' dir='ltr'>quemadmodum</span> <span class='ocrx_word' id='word_1_101' title='bbox 915 1797 1147 1904; x_wconf 85' lang='lat' dir='ltr'>oportebat,</span> <span class='ocrx_word' id='word_1_102' title='bbox 1170 1795 1303 1876; x_wconf 90' lang='lat' dir='ltr'>conati</span> <span class='ocrx_word' id='word_1_103' title='bbox 1330 1822 1480 1878; x_wconf 89' lang='lat' dir='ltr'>sumus.</span> 
     </span>
    </p>
   </div>
   <div class='ocr_carea' id='block_1_3' title="bbox 104 2039 1920 3265">
    <p class='ocr_par' dir='ltr' id='par_1_4' title="bbox 104 2039 1920 3265">
     <span class='ocr_line' id='line_1_12' title="bbox 212 2039 1915 2150; baseline -0.002 -28"><span class='ocrx_word' id='word_1_104' title='bbox 212 2043 351 2124; x_wconf 87' lang='lat' dir='ltr'>Finem</span> <span class='ocrx_word' id='word_1_105' title='bbox 377 2043 499 2150; x_wconf 81' lang='lat' dir='ltr'>igitur</span> <span class='ocrx_word' id='word_1_106' title='bbox 525 2043 736 2150; x_wconf 89' lang='lat' dir='ltr'>apparatui</span> <span class='ocrx_word' id='word_1_107' title='bbox 758 2059 899 2124; x_wconf 91' lang='lat' dir='ltr'>nostro</span> <span class='ocrx_word' id='word_1_108' title='bbox 920 2043 1108 2126; x_wconf 82' lang='lat' dir='ltr'>facientes</span> <span class='ocrx_word' id='word_1_109' title='bbox 1130 2043 1247 2124; x_wconf 88' lang='lat' dir='ltr'>liceat</span> <span class='ocrx_word' id='word_1_110' title='bbox 1267 2070 1427 2124; x_wconf 91' lang='lat' dir='ltr'>rursum</span> <span class='ocrx_word' id='word_1_111' title='bbox 1449 2039 1620 2123; x_wconf 88' lang='lat' dir='ltr'>instituti</span> <span class='ocrx_word' id='word_1_112' title='bbox 1642 2039 1770 2120; x_wconf 88' lang='lat' dir='ltr'>nostri</span> <span class='ocrx_word' id='word_1_113' title='bbox 1797 2041 1915 2120; x_wconf 87' lang='lat' dir='ltr'>ratio-</span> 
     </span>
     <span class='ocr_line' id='line_1_13' title="bbox 104 2165 1916 2279; baseline -0.001 -35"><span class='ocrx_word' id='word_1_114' title='bbox 104 2194 200 2246; x_wconf 89' lang='lat' dir='ltr'>nem</span> <span class='ocrx_word' id='word_1_115' title='bbox 229 2166 467 2247; x_wconf 87' lang='lat' dir='ltr'>adumbrare</span> <span class='ocrx_word' id='word_1_116' title='bbox 490 2166 625 2246; x_wconf 76' lang='lat' dir='ltr'>verbis</span> <span class='ocrx_word' id='word_1_117' title='bbox 647 2195 671 2245; x_wconf 91' lang='lat' dir='ltr'>a</span> <span class='ocrx_word' id='word_1_118' title='bbox 695 2166 830 2247; x_wconf 91' lang='lat' dir='ltr'>Tullio</span> <span class='ocrx_word' id='word_1_119' title='bbox 856 2167 1065 2248; x_wconf 87' lang='lat' dir='ltr'>mutuatis:</span> <span class='ocrx_word' id='word_1_120' title='bbox 1090 2168 1211 2247; x_wconf 80' lang='lat' dir='ltr'>«Nos</span> <span class='ocrx_word' id='word_1_121' title='bbox 1236 2193 1376 2246; x_wconf 83' lang='lat' dir='ltr'>verum</span> <span class='ocrx_word' id='word_1_122' title='bbox 1396 2166 1574 2246; x_wconf 83' lang='lat' dir='ltr'>invenire</span> <span class='ocrx_word' id='word_1_123' title='bbox 1600 2165 1688 2244; x_wconf 86' lang='lat' dir='ltr'>sine</span> <span class='ocrx_word' id='word_1_124' title='bbox 1714 2165 1798 2242; x_wconf 81' lang='lat' dir='ltr'>ulla</span> <span class='ocrx_word' id='word_1_125' title='bbox 1821 2189 1916 2279; x_wconf 85' lang='lat' dir='ltr'>con·</span> 
     </span>
     <span class='ocr_line' id='line_1_14' title="bbox 107 2277 1917 2398; baseline -0.001 -34"><span class='ocrx_word' id='word_1_126' title='bbox 107 2325 126 2364; x_wconf 73' lang='lat' dir='ltr'>n</span> <span class='ocrx_word' id='word_1_127' title='bbox 149 2291 331 2371; x_wconf 92' lang='lat' dir='ltr'>tentione</span> <span class='ocrx_word' id='word_1_128' title='bbox 349 2291 552 2388; x_wconf 86' lang='lat' dir='ltr'>volumus;</span> <span class='ocrx_word' id='word_1_129' title='bbox 574 2289 702 2398; x_wconf 92' lang='lat' dir='ltr'>idque</span> <span class='ocrx_word' id='word_1_130' title='bbox 721 2317 872 2370; x_wconf 88' lang='lat' dir='ltr'>summa</span> <span class='ocrx_word' id='word_1_131' title='bbox 891 2317 985 2370; x_wconf 88' lang='lat' dir='ltr'>cura</span> <span class='ocrx_word' id='word_1_132' title='bbox 1009 2289 1222 2398; x_wconf 92' lang='lat' dir='ltr'>studioque</span> <span class='ocrx_word' id='word_1_133' title='bbox 1241 2288 1531 2397; x_wconf 90' lang='lat' dir='ltr'>conquirimus.</span> <span class='ocrx_word' id='word_1_134' title='bbox 1558 2287 1642 2368; x_wconf 84' lang='lat' dir='ltr'>Etsi</span> <span class='ocrx_word' id='word_1_135' title='bbox 1661 2287 1765 2368; x_wconf 90' lang='lat' dir='ltr'>enim</span> <span class='ocrx_word' id='word_1_136' title='bbox 1790 2277 1917 2365; x_wconf 86' lang='lat' dir='ltr'>omnis</span> 
     </span>
     <span class='ocr_line' id='line_1_15' title="bbox 108 2409 1918 2522; baseline -0.001 -34"><span class='ocrx_word' id='word_1_137' title='bbox 108 2449 128 2488; x_wconf 72' lang='lat' dir='ltr'>a</span> <span class='ocrx_word' id='word_1_138' title='bbox 150 2415 330 2521; x_wconf 85' lang='lat' dir='ltr'>cognitio</span> <span class='ocrx_word' id='word_1_139' title='bbox 351 2414 486 2493; x_wconf 88' lang='lat' dir='ltr'>multis</span> <span class='ocrx_word' id='word_1_140' title='bbox 505 2430 564 2493; x_wconf 89' lang='lat' dir='ltr'>est</span> <span class='ocrx_word' id='word_1_141' title='bbox 583 2412 789 2495; x_wconf 88' lang='lat' dir='ltr'>obstructa</span> <span class='ocrx_word' id='word_1_142' title='bbox 814 2411 1133 2512; x_wconf 84' lang='lat' dir='ltr'>difficultatibus,</span> <span class='ocrx_word' id='word_1_143' title='bbox 1156 2442 1284 2522; x_wconf 87' lang='lat' dir='ltr'>eaque</span> <span class='ocrx_word' id='word_1_144' title='bbox 1305 2429 1364 2494; x_wconf 92' lang='lat' dir='ltr'>est</span> <span class='ocrx_word' id='word_1_145' title='bbox 1386 2430 1426 2493; x_wconf 89' lang='lat' dir='ltr'>et</span> <span class='ocrx_word' id='word_1_146' title='bbox 1445 2415 1489 2492; x_wconf 91' lang='lat' dir='ltr'>in</span> <span class='ocrx_word' id='word_1_147' title='bbox 1513 2411 1610 2520; x_wconf 90' lang='lat' dir='ltr'>ipsis</span> <span class='ocrx_word' id='word_1_148' title='bbox 1629 2410 1749 2491; x_wconf 91' lang='lat' dir='ltr'>rebus</span> <span class='ocrx_word' id='word_1_149' title='bbox 1773 2409 1918 2491; x_wconf 82' lang='lat' dir='ltr'>ohscu-</span> 
     </span>
     <span class='ocr_line' id='line_1_16' title="bbox 106 2532 1918 2644; baseline 0 -31"><span class='ocrx_word' id='word_1_150' title='bbox 106 2571 126 2612; x_wconf 81' lang='lat' dir='ltr'>n</span> <span class='ocrx_word' id='word_1_151' title='bbox 148 2539 270 2636; x_wconf 90' lang='lat' dir='ltr'>ritas,</span> <span class='ocrx_word' id='word_1_152' title='bbox 291 2553 331 2617; x_wconf 92' lang='lat' dir='ltr'>et</span> <span class='ocrx_word' id='word_1_153' title='bbox 347 2537 392 2616; x_wconf 93' lang='lat' dir='ltr'>in</span> <span class='ocrx_word' id='word_1_154' title='bbox 410 2536 565 2617; x_wconf 88' lang='lat' dir='ltr'>iudiciis</span> <span class='ocrx_word' id='word_1_155' title='bbox 592 2538 738 2617; x_wconf 90' lang='lat' dir='ltr'>nostris</span> <span class='ocrx_word' id='word_1_156' title='bbox 765 2536 989 2633; x_wconf 85' lang='lat' dir='ltr'>infirmitas,</span> <span class='ocrx_word' id='word_1_157' title='bbox 1015 2555 1163 2621; x_wconf 92' lang='lat' dir='ltr'>utnon</span> <span class='ocrx_word' id='word_1_158' title='bbox 1183 2539 1268 2618; x_wconf 88' lang='lat' dir='ltr'>sine</span> <span class='ocrx_word' id='word_1_159' title='bbox 1294 2565 1432 2618; x_wconf 86' lang='lat' dir='ltr'>caussa</span> <span class='ocrx_word' id='word_1_160' title='bbox 1450 2553 1490 2616; x_wconf 93' lang='lat' dir='ltr'>et</span> <span class='ocrx_word' id='word_1_161' title='bbox 1508 2534 1770 2644; x_wconf 90' lang='lat' dir='ltr'>antiquissimi</span> <span class='ocrx_word' id='word_1_162' title='bbox 1787 2549 1828 2611; x_wconf 90' lang='lat' dir='ltr'>et</span> <span class='ocrx_word' id='word_1_163' title='bbox 1846 2532 1918 2613; x_wconf 92' lang='lat' dir='ltr'>do·</span> 
     </span>
     <span class='ocr_line' id='line_1_17' title="bbox 104 2657 1914 2769; baseline 0 -33"><span class='ocrx_word' id='word_1_164' title='bbox 104 2693 126 2736; x_wconf 71' lang='lat' dir='ltr'>n</span> <span class='ocrx_word' id='word_1_165' title='bbox 147 2660 311 2742; x_wconf 92' lang='lat' dir='ltr'>ctissimi</span> <span class='ocrx_word' id='word_1_166' title='bbox 340 2661 521 2740; x_wconf 90' lang='lat' dir='ltr'>invenire</span> <span class='ocrx_word' id='word_1_167' title='bbox 539 2687 581 2740; x_wconf 92' lang='lat' dir='ltr'>se</span> <span class='ocrx_word' id='word_1_168' title='bbox 600 2688 715 2768; x_wconf 91' lang='lat' dir='ltr'>posse</span> <span class='ocrx_word' id='word_1_169' title='bbox 735 2659 849 2768; x_wconf 92' lang='lat' dir='ltr'>quod</span> <span class='ocrx_word' id='word_1_170' title='bbox 867 2679 1060 2769; x_wconf 89' lang='lat' dir='ltr'>cuperent</span> <span class='ocrx_word' id='word_1_171' title='bbox 1079 2661 1195 2743; x_wconf 90' lang='lat' dir='ltr'>diffisi</span> <span class='ocrx_word' id='word_1_172' title='bbox 1214 2661 1314 2758; x_wconf 91' lang='lat' dir='ltr'>sint;</span> <span class='ocrx_word' id='word_1_173' title='bbox 1340 2677 1474 2742; x_wconf 88' lang='lat' dir='ltr'>tamen</span> <span class='ocrx_word' id='word_1_174' title='bbox 1495 2687 1570 2740; x_wconf 90' lang='lat' dir='ltr'>nec</span> <span class='ocrx_word' id='word_1_175' title='bbox 1590 2659 1646 2739; x_wconf 94' lang='lat' dir='ltr'>illi</span> <span class='ocrx_word' id='word_1_176' title='bbox 1665 2657 1914 2752; x_wconf 83' lang='lat' dir='ltr'>defecerunt,</span> 
     </span>
     <span class='ocr_line' id='line_1_18' title="bbox 105 2781 1920 2893; baseline 0 -34"><span class='ocrx_word' id='word_1_177' title='bbox 105 2819 126 2859; x_wconf 76' lang='lat' dir='ltr'>a</span> <span class='ocrx_word' id='word_1_178' title='bbox 149 2811 288 2893; x_wconf 88' lang='lat' dir='ltr'>neque</span> <span class='ocrx_word' id='word_1_179' title='bbox 308 2814 384 2865; x_wconf 90' lang='lat' dir='ltr'>nos</span> <span class='ocrx_word' id='word_1_180' title='bbox 403 2782 579 2864; x_wconf 90' lang='lat' dir='ltr'>studium</span> <span class='ocrx_word' id='word_1_181' title='bbox 602 2783 842 2892; x_wconf 85' lang='lat' dir='ltr'>exquirendi</span> <span class='ocrx_word' id='word_1_182' title='bbox 869 2785 1074 2892; x_wconf 82' lang='lat' dir='ltr'>defatigati</span> <span class='ocrx_word' id='word_1_183' title='bbox 1097 2786 1380 2893; x_wconf 87' lang='lat' dir='ltr'>relinquimus:</span> <span class='ocrx_word' id='word_1_184' title='bbox 1406 2811 1539 2892; x_wconf 90' lang='lat' dir='ltr'>neque</span> <span class='ocrx_word' id='word_1_185' title='bbox 1560 2798 1719 2862; x_wconf 88' lang='lat' dir='ltr'>nostrae</span> <span class='ocrx_word' id='word_1_186' title='bbox 1742 2781 1920 2889; x_wconf 92' lang='lat' dir='ltr'>disputa·</span> 
     </span>
     <span class='ocr_line' id='line_1_19' title="bbox 106 2903 1919 3018; baseline -0.004 -32"><span class='ocrx_word' id='word_1_187' title='bbox 106 2943 126 2986; x_wconf 76' lang='lat' dir='ltr'>a</span> <span class='ocrx_word' id='word_1_188' title='bbox 148 2911 281 2990; x_wconf 90' lang='lat' dir='ltr'>tiones</span> <span class='ocrx_word' id='word_1_189' title='bbox 298 2907 521 3018; x_wconf 91' lang='lat' dir='ltr'>quidquam</span> <span class='ocrx_word' id='word_1_190' title='bbox 541 2906 651 2988; x_wconf 91' lang='lat' dir='ltr'>aliud</span> <span class='ocrx_word' id='word_1_191' title='bbox 678 2924 822 3014; x_wconf 86' lang='lat' dir='ltr'>agunt,</span> <span class='ocrx_word' id='word_1_192' title='bbox 848 2909 926 2988; x_wconf 91' lang='lat' dir='ltr'>nisi</span> <span class='ocrx_word' id='word_1_193' title='bbox 946 2924 989 2988; x_wconf 91' lang='lat' dir='ltr'>ut</span> <span class='ocrx_word' id='word_1_194' title='bbox 1012 2909 1056 2988; x_wconf 89' lang='lat' dir='ltr'>in</span> <span class='ocrx_word' id='word_1_195' title='bbox 1079 2924 1291 3017; x_wconf 90' lang='lat' dir='ltr'>utramque</span> <span class='ocrx_word' id='word_1_196' title='bbox 1312 2923 1467 3016; x_wconf 90' lang='lat' dir='ltr'>partem</span> <span class='ocrx_word' id='word_1_197' title='bbox 1488 2903 1681 3001; x_wconf 90' lang='lat' dir='ltr'>dicendo,</span> <span class='ocrx_word' id='word_1_198' title='bbox 1702 2904 1861 2984; x_wconf 88' lang='lat' dir='ltr'>eliciant</span> <span class='ocrx_word' id='word_1_199' title='bbox 1879 2918 1919 2979; x_wconf 91' lang='lat' dir='ltr'>et</span> 
     </span>
     <span class='ocr_line' id='line_1_20' title="bbox 107 3021 1919 3140; baseline -0.002 -32"><span class='ocrx_word' id='word_1_200' title='bbox 107 3047 357 3139; x_wconf 80' lang='lat' dir='ltr'>»tamquam</span> <span class='ocrx_word' id='word_1_201' title='bbox 385 3031 612 3139; x_wconf 80' lang='lat' dir='ltr'>exprimant</span> <span class='ocrx_word' id='word_1_202' title='bbox 638 3029 813 3138; x_wconf 86' lang='lat' dir='ltr'>aliquid,</span> <span class='ocrx_word' id='word_1_203' title='bbox 838 3030 952 3140; x_wconf 91' lang='lat' dir='ltr'>quod</span> <span class='ocrx_word' id='word_1_204' title='bbox 980 3049 1050 3111; x_wconf 91' lang='lat' dir='ltr'>aut</span> <span class='ocrx_word' id='word_1_205' title='bbox 1078 3060 1216 3113; x_wconf 90' lang='lat' dir='ltr'>verum</span> <span class='ocrx_word' id='word_1_206' title='bbox 1243 3032 1316 3129; x_wconf 89' lang='lat' dir='ltr'>sit,</span> <span class='ocrx_word' id='word_1_207' title='bbox 1344 3047 1413 3112; x_wconf 91' lang='lat' dir='ltr'>aut</span> <span class='ocrx_word' id='word_1_208' title='bbox 1440 3028 1491 3112; x_wconf 95' lang='lat' dir='ltr'>ad</span> <span class='ocrx_word' id='word_1_209' title='bbox 1519 3028 1563 3109; x_wconf 94' lang='lat' dir='ltr'>id</span> <span class='ocrx_word' id='word_1_210' title='bbox 1588 3056 1710 3136; x_wconf 87' lang='lat' dir='ltr'>quam</span> <span class='ocrx_word' id='word_1_211' title='bbox 1737 3021 1919 3138; x_wconf 79' lang='lat' dir='ltr'>proxime</span> 
     </span>
     <span class='ocr_line' id='line_1_21' title="bbox 107 3154 1132 3265; baseline 0.006 -35"><span class='ocrx_word' id='word_1_212' title='bbox 107 3185 128 3230; x_wconf 81' lang='lat' dir='ltr'>n</span> <span class='ocrx_word' id='word_1_213' title='bbox 150 3154 330 3236; x_wconf 86' lang='lat' dir='ltr'>accedat.</span> <span class='ocrx_word' id='word_1_214' title='bbox 352 3187 372 3231; x_wconf 78' lang='lat' dir='ltr'>s</span> <span class='ocrx_word' id='word_1_215' title='bbox 394 3155 617 3262; x_wconf 69' lang='lat' dir='ltr'>(Araden.</span> <span class='ocrx_word' id='word_1_216' title='bbox 637 3155 767 3263; x_wconf 86' lang='lat' dir='ltr'>prior.</span> <span class='ocrx_word' id='word_1_217' title='bbox 791 3155 862 3234; x_wconf 79' lang='lat' dir='ltr'>lib.</span> <span class='ocrx_word' id='word_1_218' title='bbox 885 3183 924 3235; x_wconf 83' lang='lat' dir='ltr'>a.</span> <span class='ocrx_word' id='word_1_219' title='bbox 950 3183 1040 3265; x_wconf 87' lang='lat' dir='ltr'>cap.</span> <span class='ocrx_word' id='word_1_220' title='bbox 1062 3157 1132 3262; x_wconf 87' lang='lat'>3.)</span> 
     </span>
    </p>
   </div>
   <div class='ocr_carea' id='block_1_4' title="bbox 861 3647 1179 3738">
    <p class='ocr_par' dir='ltr' id='par_1_5' title="bbox 861 3647 1179 3738">
     <span class='ocr_line' id='line_1_22' title="bbox 861 3647 1179 3738; baseline -0.003 -2"><span class='ocrx_word' id='word_1_221' title='bbox 861 3647 1179 3738; x_wconf 84' lang='lat' dir='ltr'><strong>MONITUM</strong></span> 
     </span>
    </p>
   </div>
   <div class='ocr_carea' id='block_1_5' title="bbox 611 3899 1419 3970">
    <p class='ocr_par' dir='ltr' id='par_1_6' title="bbox 611 3899 1419 3970">
     <span class='ocr_line' id='line_1_23' title="bbox 611 3899 1419 3970; baseline 0.004 -17"><span class='ocrx_word' id='word_1_222' title='bbox 611 3899 671 3953; x_wconf 83' lang='lat' dir='ltr'>oa</span> <span class='ocrx_word' id='word_1_223' title='bbox 706 3899 880 3968; x_wconf 78' lang='lat' dir='ltr'>tuorna</span> <span class='ocrx_word' id='word_1_224' title='bbox 916 3901 1049 3970; x_wconf 79' lang='lat' dir='ltr'>Quam</span> <span class='ocrx_word' id='word_1_225' title='bbox 1085 3903 1419 3958; x_wconf 80' lang='lat' dir='ltr'>sunraxruus.</span> 
     </span>
    </p>
   </div>
   <div class='ocr_carea' id='block_1_6' title="bbox 932 4131 1108 4180">
    <p class='ocr_par' dir='ltr' id='par_1_7' title="bbox 932 4131 1108 4180">
     <span class='ocr_line' id='line_1_24' title="bbox 932 4131 1108 4180; baseline -0.017 0"><span class='ocrx_word' id='word_1_226' title='bbox 932 4131 1108 4180; x_wconf 66' lang='grc' dir='ltr'>-Φθθ-</span> 
     </span>
    </p>
   </div>
   <div class='ocr_carea' id='block_1_7' title="bbox 105 4325 1931 5453">
    <p class='ocr_par' dir='ltr' id='par_1_8' title="bbox 105 4325 1931 5453">
     <span class='ocr_line' id='line_1_25' title="bbox 211 4325 1926 4418; baseline 0.002 -23"><span class='ocrx_word' id='word_1_227' title='bbox 211 4328 427 4410; x_wconf 81' lang='lat' dir='ltr'>Hieronpmus</span> <span class='ocrx_word' id='word_1_228' title='bbox 449 4326 574 4410; x_wconf 71' lang='lat' dir='ltr'>linguae</span> <span class='ocrx_word' id='word_1_229' title='bbox 595 4325 710 4394; x_wconf 86' lang='lat' dir='ltr'>latinae</span> <span class='ocrx_word' id='word_1_230' title='bbox 734 4327 878 4394; x_wconf 77' lang='lat' dir='ltr'>dllmmor</span> <span class='ocrx_word' id='word_1_231' title='bbox 901 4330 1032 4395; x_wconf 84' lang='lat' dir='ltr'>eximius</span> <span class='ocrx_word' id='word_1_232' title='bbox 1055 4330 1169 4396; x_wconf 86' lang='lat' dir='ltr'>merita</span> <span class='ocrx_word' id='word_1_233' title='bbox 1192 4331 1353 4396; x_wconf 82' lang='lat' dir='ltr'>animatur</span> <span class='ocrx_word' id='word_1_234' title='bbox 1378 4347 1400 4394; x_wconf 92' lang='lat' dir='ltr'>a</span> <span class='ocrx_word' id='word_1_235' title='bbox 1426 4328 1634 4396; x_wconf 79' lang='lat' dir='ltr'>cnsuoacrto</span> <span class='ocrx_word' id='word_1_236' title='bbox 1656 4331 1675 4416; x_wconf 91' lang='lat'><strong><em>(</em></strong></span> <span class='ocrx_word' id='word_1_237' title='bbox 1683 4332 1717 4396; x_wconf 85' lang='lat' dir='ltr'>in</span> <span class='ocrx_word' id='word_1_238' title='bbox 1737 4330 1926 4418; x_wconf 81' lang='lat' dir='ltr'>Palrclapia</span> 
     </span>
     <span class='ocr_line' id='line_1_26' title="bbox 106 4443 1925 4528; baseline 0.001 -15"><span class='ocrx_word' id='word_1_239' title='bbox 106 4457 186 4513; x_wconf 80' lang='lat' dir='ltr'>lom</span> <span class='ocrx_word' id='word_1_240' title='bbox 210 4444 302 4514; x_wconf 78' lang='lat' dir='ltr'>LXX.</span> <span class='ocrx_word' id='word_1_241' title='bbox 324 4447 381 4512; x_wconf 82' lang='lat' dir='ltr'>col</span> <span class='ocrx_word' id='word_1_242' title='bbox 405 4443 490 4509; x_wconf 75' lang='lat'>1135.</span> <span class='ocrx_word' id='word_1_243' title='bbox 504 4445 539 4527; x_wconf 88' lang='lat'>),·</span> <span class='ocrx_word' id='word_1_244' title='bbox 560 4463 601 4508; x_wconf 80' lang='lat' dir='ltr'>aa</span> <span class='ocrx_word' id='word_1_245' title='bbox 627 4445 715 4510; x_wconf 85' lang='lat' dir='ltr'>illius</span> <span class='ocrx_word' id='word_1_246' title='bbox 740 4446 826 4510; x_wconf 87' lang='lat' dir='ltr'>enirn</span> <span class='ocrx_word' id='word_1_247' title='bbox 851 4446 1001 4526; x_wconf 80' lang='lat' dir='ltr'>operibus</span> <span class='ocrx_word' id='word_1_248' title='bbox 1025 4447 1128 4519; x_wconf 81' lang='lat' dir='ltr'>nostri</span> <span class='ocrx_word' id='word_1_249' title='bbox 1154 4446 1372 4528; x_wconf 79' lang='lat' dir='ltr'>leaieapraplsi</span> <span class='ocrx_word' id='word_1_250' title='bbox 1384 4493 1395 4520; x_wconf 91' lang='lat'>,</span> <span class='ocrx_word' id='word_1_251' title='bbox 1415 4451 1579 4528; x_wconf 70' lang='lat' dir='ltr'>tanquam</span> <span class='ocrx_word' id='word_1_252' title='bbox 1603 4463 1642 4511; x_wconf 81' lang='lat' dir='ltr'>ca</span> <span class='ocrx_word' id='word_1_253' title='bbox 1668 4447 1747 4512; x_wconf 80' lang='lat' dir='ltr'>bana</span> <span class='ocrx_word' id='word_1_254' title='bbox 1776 4455 1925 4524; x_wconf 77' lang='lat' dir='ltr'>aarum,</span> 
     </span>
     <span class='ocr_line' id='line_1_27' title="bbox 105 4558 1924 4644; baseline -0.001 -14"><span class='ocrx_word' id='word_1_255' title='bbox 105 4565 218 4630; x_wconf 74' lang='lat' dir='ltr'>ansus</span> <span class='ocrx_word' id='word_1_256' title='bbox 235 4562 395 4631; x_wconf 77' lang='lat' dir='ltr'>mesula</span> <span class='ocrx_word' id='word_1_257' title='bbox 414 4561 683 4643; x_wconf 77' lang='lat' dir='ltr'>adsumpserunt,</span> <span class='ocrx_word' id='word_1_258' title='bbox 703 4579 787 4644; x_wconf 84' lang='lat' dir='ltr'>qnae</span> <span class='ocrx_word' id='word_1_259' title='bbox 808 4563 961 4628; x_wconf 66' lang='lat' dir='ltr'>alannae</span> <span class='ocrx_word' id='word_1_260' title='bbox 981 4561 1132 4628; x_wconf 78' lang='lat' dir='ltr'>latinitati</span> <span class='ocrx_word' id='word_1_261' title='bbox 1153 4561 1320 4643; x_wconf 79' lang='lat' dir='ltr'>adscripta</span> <span class='ocrx_word' id='word_1_262' title='bbox 1338 4568 1421 4628; x_wconf 84' lang='lat' dir='ltr'>aunt.</span> <span class='ocrx_word' id='word_1_263' title='bbox 1441 4558 1483 4628; x_wconf 80' lang='lat' dir='ltr'>Ae</span> <span class='ocrx_word' id='word_1_264' title='bbox 1502 4563 1622 4627; x_wconf 72' lang='lat' dir='ltr'>murari</span> <span class='ocrx_word' id='word_1_265' title='bbox 1643 4562 1712 4628; x_wconf 84' lang='lat' dir='ltr'>licet</span> <span class='ocrx_word' id='word_1_266' title='bbox 1732 4563 1860 4628; x_wconf 85' lang='lat' dir='ltr'>cosdem</span> <span class='ocrx_word' id='word_1_267' title='bbox 1880 4566 1924 4630; x_wconf 92' lang='lat' dir='ltr'>le·</span> 
     </span>
     <span class='ocr_line' id='line_1_28' title="bbox 107 4677 1927 4762; baseline 0.001 -18"><span class='ocrx_word' id='word_1_268' title='bbox 107 4678 327 4760; x_wconf 75' lang='lat' dir='ltr'>etcopraptor</span> <span class='ocrx_word' id='word_1_269' title='bbox 348 4679 416 4742; x_wconf 86' lang='lat' dir='ltr'>alia</span> <span class='ocrx_word' id='word_1_270' title='bbox 434 4695 499 4744; x_wconf 90' lang='lat' dir='ltr'>nan</span> <span class='ocrx_word' id='word_1_271' title='bbox 517 4695 625 4758; x_wconf 89' lang='lat' dir='ltr'>pauca</span> <span class='ocrx_word' id='word_1_272' title='bbox 645 4679 790 4744; x_wconf 80' lang='lat' dir='ltr'>eiusdem</span> <span class='ocrx_word' id='word_1_273' title='bbox 810 4681 950 4744; x_wconf 85' lang='lat' dir='ltr'>auctoris</span> <span class='ocrx_word' id='word_1_274' title='bbox 969 4677 1242 4760; x_wconf 68' lang='lat' dir='ltr'>praetereuntem,</span> <span class='ocrx_word' id='word_1_275' title='bbox 1262 4693 1345 4760; x_wconf 80' lang='lat' dir='ltr'>puae</span> <span class='ocrx_word' id='word_1_276' title='bbox 1365 4678 1484 4742; x_wconf 83' lang='lat' dir='ltr'>bormm</span> <span class='ocrx_word' id='word_1_277' title='bbox 1504 4678 1695 4744; x_wconf 71' lang='lat' dir='ltr'>latinitatem</span> <span class='ocrx_word' id='word_1_278' title='bbox 1715 4697 1833 4762; x_wconf 85' lang='lat' dir='ltr'>aapere</span> <span class='ocrx_word' id='word_1_279' title='bbox 1851 4699 1927 4761; x_wconf 87' lang='lat' dir='ltr'>pas·</span> 
     </span>
     <span class='ocr_line' id='line_1_29' title="bbox 107 4791 1927 4878; baseline 0.001 -17"><span class='ocrx_word' id='word_1_280' title='bbox 107 4804 204 4870; x_wconf 81' lang='lat' dir='ltr'>runt,</span> <span class='ocrx_word' id='word_1_281' title='bbox 225 4792 500 4875; x_wconf 82' lang='lat' dir='ltr'>quemadmodum</span> <span class='ocrx_word' id='word_1_282' title='bbox 519 4793 768 4876; x_wconf 75' lang='lat' dir='ltr'>adfirmavimus</span> <span class='ocrx_word' id='word_1_283' title='bbox 788 4811 864 4878; x_wconf 86' lang='lat' dir='ltr'>pap.</span> <span class='ocrx_word' id='word_1_284' title='bbox 885 4793 1020 4864; x_wconf 83' lang='lat' dir='ltr'>XXVIII.</span> <span class='ocrx_word' id='word_1_285' title='bbox 1041 4802 1118 4858; x_wconf 86' lang='lat' dir='ltr'>nota</span> <span class='ocrx_word' id='word_1_286' title='bbox 1138 4793 1167 4858; x_wconf 86' lang='lat' dir='ltr'>l.</span> <span class='ocrx_word' id='word_1_287' title='bbox 1188 4791 1241 4860; x_wconf 76' lang='lat' dir='ltr'>Ea</span> <span class='ocrx_word' id='word_1_288' title='bbox 1261 4795 1311 4859; x_wconf 81' lang='lat' dir='ltr'>tis</span> <span class='ocrx_word' id='word_1_289' title='bbox 1331 4795 1368 4860; x_wconf 91' lang='lat' dir='ltr'>in</span> <span class='ocrx_word' id='word_1_290' title='bbox 1387 4794 1636 4876; x_wconf 75' lang='lat' dir='ltr'>hieronymiana</span> <span class='ocrx_word' id='word_1_291' title='bbox 1654 4793 1863 4862; x_wconf 81' lang='lat' dir='ltr'>Pentateuclsi</span> <span class='ocrx_word' id='word_1_292' title='bbox 1881 4801 1927 4862; x_wconf 92' lang='lat' dir='ltr'>in·</span> 
     </span>
     <span class='ocr_line' id='line_1_30' title="bbox 107 4909 1926 4994; baseline 0.001 -20"><span class='ocrx_word' id='word_1_293' title='bbox 107 4911 342 4991; x_wconf 86' lang='lat' dir='ltr'>terpretalioae</span> <span class='ocrx_word' id='word_1_294' title='bbox 359 4911 516 4976; x_wconf 78' lang='lat' dir='ltr'>manullo</span> <span class='ocrx_word' id='word_1_295' title='bbox 535 4910 748 4994; x_wconf 72' lang='lat' dir='ltr'>offendimus,</span> <span class='ocrx_word' id='word_1_296' title='bbox 768 4927 851 4994; x_wconf 80' lang='lat' dir='ltr'>quae</span> <span class='ocrx_word' id='word_1_297' title='bbox 871 4912 907 4978; x_wconf 90' lang='lat' dir='ltr'>in</span> <span class='ocrx_word' id='word_1_298' title='bbox 925 4912 1026 4975; x_wconf 83' lang='lat' dir='ltr'>leaico</span> <span class='ocrx_word' id='word_1_299' title='bbox 1048 4909 1236 4976; x_wconf 84' lang='lat' dir='ltr'>Farcellinii</span> <span class='ocrx_word' id='word_1_300' title='bbox 1253 4926 1430 4992; x_wconf 75' lang='lat' dir='ltr'>perperam</span> <span class='ocrx_word' id='word_1_301' title='bbox 1448 4913 1532 4978; x_wconf 75' lang='lat' dir='ltr'>irater</span> <span class='ocrx_word' id='word_1_302' title='bbox 1551 4911 1688 4991; x_wconf 71' lang='lat' dir='ltr'>expulsa</span> <span class='ocrx_word' id='word_1_303' title='bbox 1706 4921 1926 4990; x_wconf 80' lang='lat' dir='ltr'>recensentur,</span> 
     </span>
     <span class='ocr_line' id='line_1_31' title="bbox 107 5023 1928 5109; baseline 0.003 -20"><span class='ocrx_word' id='word_1_304' title='bbox 107 5041 261 5109; x_wconf 76' lang='lat' dir='ltr'>puoepre</span> <span class='ocrx_word' id='word_1_305' title='bbox 285 5025 435 5090; x_wconf 74' lang='lat' dir='ltr'>intitulati</span> <span class='ocrx_word' id='word_1_306' title='bbox 457 5026 656 5093; x_wconf 72' lang='lat' dir='ltr'>recuruando</span> <span class='ocrx_word' id='word_1_307' title='bbox 680 5025 948 5090; x_wconf 80' lang='lat' dir='ltr'>demmutromus.</span> <span class='ocrx_word' id='word_1_308' title='bbox 973 5023 1050 5090; x_wconf 80' lang='lat' dir='ltr'>Alia</span> <span class='ocrx_word' id='word_1_309' title='bbox 1072 5043 1179 5108; x_wconf 87' lang='lat' dir='ltr'>panca</span> <span class='ocrx_word' id='word_1_310' title='bbox 1201 5026 1254 5089; x_wconf 85' lang='lat' dir='ltr'>rel</span> <span class='ocrx_word' id='word_1_311' title='bbox 1282 5043 1322 5094; x_wconf 81' lang='lat' dir='ltr'>ea</span> <span class='ocrx_word' id='word_1_312' title='bbox 1347 5029 1488 5109; x_wconf 82' lang='lat' dir='ltr'>antipnis</span> <span class='ocrx_word' id='word_1_313' title='bbox 1510 5027 1689 5105; x_wconf 72' lang='lat' dir='ltr'>maniosa,</span> <span class='ocrx_word' id='word_1_314' title='bbox 1713 5031 1766 5094; x_wconf 86' lang='lat' dir='ltr'>uel</span> <span class='ocrx_word' id='word_1_315' title='bbox 1789 5047 1829 5093; x_wconf 81' lang='lat' dir='ltr'>aa</span> <span class='ocrx_word' id='word_1_316' title='bbox 1853 5031 1928 5095; x_wconf 79' lang='lat' dir='ltr'>aliu</span> 
     </span>
     <span class='ocr_line' id='line_1_32' title="bbox 107 5139 1927 5223; baseline -0.002 -17"><span class='ocrx_word' id='word_1_317' title='bbox 107 5141 236 5222; x_wconf 76' lang='lat' dir='ltr'>prisma</span> <span class='ocrx_word' id='word_1_318' title='bbox 257 5139 469 5217; x_wconf 73' lang='lat' dir='ltr'>decumanis,</span> <span class='ocrx_word' id='word_1_319' title='bbox 488 5143 610 5221; x_wconf 83' lang='lat' dir='ltr'>suturis</span> <span class='ocrx_word' id='word_1_320' title='bbox 630 5140 864 5223; x_wconf 79' lang='lat' dir='ltr'>leoicopraplsis</span> <span class='ocrx_word' id='word_1_321' title='bbox 885 5140 1105 5220; x_wconf 80' lang='lat' dir='ltr'>inspicienda,</span> <span class='ocrx_word' id='word_1_322' title='bbox 1124 5141 1327 5207; x_wconf 80' lang='lat' dir='ltr'>adnotamus.</span> <span class='ocrx_word' id='word_1_323' title='bbox 1354 5139 1473 5217; x_wconf 77' lang='lat' dir='ltr'>verta,</span> <span class='ocrx_word' id='word_1_324' title='bbox 1494 5139 1607 5222; x_wconf 77' lang='lat' dir='ltr'>quibas</span> <span class='ocrx_word' id='word_1_325' title='bbox 1628 5141 1816 5204; x_wconf 84' lang='lat' dir='ltr'>asteriscum</span> <span class='ocrx_word' id='word_1_326' title='bbox 1833 5157 1927 5221; x_wconf 84' lang='lat' dir='ltr'>prae-</span> 
     </span>
     <span class='ocr_line' id='line_1_33' title="bbox 109 5252 1931 5340; baseline 0.001 -20"><span class='ocrx_word' id='word_1_327' title='bbox 109 5258 287 5331; x_wconf 77' lang='lat' dir='ltr'>mittimus,</span> <span class='ocrx_word' id='word_1_328' title='bbox 302 5253 531 5322; x_wconf 81' lang='lat' dir='ltr'>desiderantur</span> <span class='ocrx_word' id='word_1_329' title='bbox 552 5257 585 5322; x_wconf 87' lang='lat' dir='ltr'>in</span> <span class='ocrx_word' id='word_1_330' title='bbox 605 5257 705 5322; x_wconf 85' lang='lat' dir='ltr'>terrico</span> <span class='ocrx_word' id='word_1_331' title='bbox 726 5252 913 5324; x_wconf 83' lang='lat' dir='ltr'>Farselliaii</span> <span class='ocrx_word' id='word_1_332' title='bbox 933 5255 1009 5320; x_wconf 83' lang='lat' dir='ltr'>edit.</span> <span class='ocrx_word' id='word_1_333' title='bbox 1024 5255 1157 5323; x_wconf 76' lang='lat' dir='ltr'>Patami</span> <span class='ocrx_word' id='word_1_334' title='bbox 1178 5276 1231 5324; x_wconf 83' lang='lat' dir='ltr'>an</span> <span class='ocrx_word' id='word_1_335' title='bbox 1247 5257 1352 5335; x_wconf 80' lang='lat' dir='ltr'>llll.;</span> <span class='ocrx_word' id='word_1_336' title='bbox 1366 5272 1540 5340; x_wconf 82' lang='lat' dir='ltr'>quaerero</span> <span class='ocrx_word' id='word_1_337' title='bbox 1560 5254 1723 5336; x_wconf 83' lang='lat' dir='ltr'>duplicem</span> <span class='ocrx_word' id='word_1_338' title='bbox 1743 5257 1931 5322; x_wconf 84' lang='lat' dir='ltr'>asteriscum</span> 
     </span>
     <span class='ocr_line' id='line_1_34' title="bbox 108 5366 1460 5453; baseline 0.004 -23"><span class='ocrx_word' id='word_1_339' title='bbox 108 5368 309 5446; x_wconf 63' lang='lat' dir='ltr'>passarani</span> <span class='ocrx_word' id='word_1_340' title='bbox 329 5366 442 5434; x_wconf 80' lang='lat' dir='ltr'>deannt</span> <span class='ocrx_word' id='word_1_341' title='bbox 462 5385 584 5451; x_wconf 77' lang='lat' dir='ltr'>aroana</span> <span class='ocrx_word' id='word_1_342' title='bbox 603 5371 640 5437; x_wconf 88' lang='lat' dir='ltr'>in</span> <span class='ocrx_word' id='word_1_343' title='bbox 659 5370 803 5438; x_wconf 71' lang='lat' dir='ltr'>anun</span> <span class='ocrx_word' id='word_1_344' title='bbox 822 5372 918 5438; x_wconf 78' lang='lat' dir='ltr'>leciri</span> <span class='ocrx_word' id='word_1_345' title='bbox 938 5370 1014 5440; x_wconf 80' lang='lat' dir='ltr'>edit.</span> <span class='ocrx_word' id='word_1_346' title='bbox 1036 5373 1180 5453; x_wconf 81' lang='lat' dir='ltr'>lipsiensi</span> <span class='ocrx_word' id='word_1_347' title='bbox 1202 5391 1265 5438; x_wconf 88' lang='lat' dir='ltr'>an..</span> <span class='ocrx_word' id='word_1_348' title='bbox 1280 5373 1460 5439; x_wconf 74' lang='lat' dir='ltr'>llll-llll.</span> 
     </span>
    </p>
   </div>
   <div class='ocr_carea' id='block_1_8' title="bbox 0 0 2390 6692">
    <p class='ocr_par' dir='ltr' id='par_1_9' title="bbox 0 0 2390 6692">
     <span class='ocr_line' id='line_1_35' title="bbox 0 0 2390 6692; baseline 0 0"><span class='ocrx_word' id='word_1_349' title='bbox 0 0 2390 6692; x_wconf 95' lang='lat' dir='ltr'> </span> 
     </span>
    </p>
   </div>
  </div>
 </body>
</html>
