4830 6678
909 537 1230 618 inobsoollltltt

939 699 943 706 ’
978 736 1015 836 g.
1046 729 1156 812 xlv,
1206 699 1228 730 ²

441 885 573 992 Quid,
597 886 718 968 Sicco
745 891 799 969 V.
823 887 1033 995 defuncte,
1058 893 1106 972 de
1132 891 1309 972 eiusdem
1338 893 1486 974 Bibliis
1512 891 1702 972 acciderit

754 1042 879 1122 usque
905 1015 964 1096 ad
989 1017 1223 1126 Gregorium
1249 1018 1378 1098 XIV.

269 1192 357 1271 Tali
379 1192 468 1274 loco
493 1193 687 1301 Vulgatae
710 1199 911 1304 negotium
934 1217 1040 1295 erat,
1062 1226 1153 1278 cum
1176 1192 1310 1277 Sixtus
1328 1193 1380 1273 V.
1402 1223 1424 1276 e
1446 1196 1544 1276 vivis
1565 1193 1746 1274 sublatus
1768 1209 1846 1289 est,
1868 1219 1976 1288 anno

162 1314 330 1397 lllDXC.
358 1317 427 1395 Vl.
450 1318 545 1398 Kal.
566 1320 822 1427 septembris,
847 1321 974 1402 Biblia
1000 1351 1163 1432 nempe,
1190 1324 1229 1402 in
1255 1319 1626 1428 publicumutique
1652 1319 1810 1414 emissa,
1837 1345 1860 1396 a
1887 1316 1977 1424 plu-

161 1441 275 1521 ribus
301 1443 633 1549 requirebantur3
656 1474 792 1526 rerum
817 1446 1007 1528 adversus
1030 1449 1245 1527 multorum
1266 1445 1523 1554 cupiditatem
1547 1444 1614 1524 illa
1635 1440 1893 1550 inspiciendi,
1915 1468 1977 1520 ar·

160 1562 261 1644 dens
288 1564 457 1644 aliorum
484 1565 661 1646 studium
689 1567 826 1648 eadem
855 1569 1083 1650 occultandi
1109 1571 1291 1650 faciebat.
1319 1572 1428 1649 Inter
1455 1572 1530 1649 lios
1552 1585 1773 1676 postremos
1800 1593 1976 1673 pronum

161 1705 219 1768 est
238 1691 437 1770 coniicere
457 1691 544 1770 illos
562 1693 634 1798 qui
653 1691 703 1771 ad
723 1694 1080 1800 Congregationem
1100 1694 1281 1773 sixtinam
1307 1695 1583 1800 pertinuerant
1606 1718 1690 1771 non
1710 1691 1868 1769 ultimos
1886 1689 1978 1768 fuis·

158 1842 222 1907 se,
246 1815 318 1921 qui
336 1812 474 1893 Bibliis
493 1815 569 1894 illis
588 1842 671 1894 non
691 1815 884 1898 faverent.
911 1819 978 1897 lsti
1001 1845 1175 1926 namque
1194 1846 1217 1898 e
1236 1816 1457 1897 Cardinalis
1475 1815 1639 1896 Carafae
1657 1814 1861 1922 partibus,
1881 1813 1973 1922 qui,

158 1955 204 2017 ut
233 1938 330 2018 alibi
356 1938 548 2035 vidimus,
570 1937 752 2020 Pontifici
775 1941 851 2047 ipsi
872 1941 1074 2021 humiliter
1092 1941 1313 2048 refragatus
1337 1957 1441 2036 erat,
1463 1968 1546 2020 non
1569 1957 1758 2047 poterant
1777 1939 1877 2046 quin
1900 1955 1977 2018 sta·

156 2079 266 2143 rent.
295 2063 380 2143 Hac
408 2063 573 2144 fortasse
599 2065 756 2145 ratione
783 2063 884 2144 mala
912 2065 1080 2144 sixtinae
1107 2063 1295 2145 editionis
1323 2064 1423 2144 fama
1453 2065 1757 2173 percrebuerat,
1790 2079 1835 2142 ut
1861 2062 1974 2143 multi

156 2187 209 2267 de
238 2215 286 2268 ea
314 2191 445 2268 varios
472 2217 548 2295 pro
570 2188 680 2266 varia
705 2190 899 2270 sententia
928 2217 1108 2270 rumores
1138 2192 1180 2268 in
1214 2190 1315 2270 urbe
1343 2206 1596 2297 spargerent,
1624 2188 1710 2266 aliis
1733 2213 1976 2296 praeprope-

156 2340 245 2390 ram
274 2309 455 2392 defuncti
483 2312 685 2392 Pontificis
712 2315 998 2394 correctionem
1027 2315 1329 2411 accusantibus,
1356 2314 1441 2392 aliis
1462 2314 1553 2421 plus
1580 2339 1711 2419 aequo
1739 2313 1975 2390 sixtinorum

156 2435 319 2515 labores
342 2435 631 2531 exaltantibus,
654 2437 860 2516 nonnullis
878 2437 984 2518 Aldo
1008 2439 1283 2547 typographo,
1306 2439 1419 2547 quasi
1441 2436 1694 2544 indiligenter
1715 2452 1902 2543 operatus
1922 2462 1977 2514 es·

157 2577 236 2655 set,
264 2559 611 2658 succensentibus,
637 2559 721 2639 aliis
750 2587 772 2639 e
800 2563 1025 2657 contrario,
1054 2563 1113 2639 uti
1141 2562 1205 2656 fit,
1232 2563 1518 2642 excusantibus
1545 2559 1736 2641 editorem
1765 2560 1887 2668 atque
1914 2577 1976 2666 ty-

157 2685 428 2792 pograpbum.
459 2683 696 2764 Afferebant
723 2683 889 2776 fortasse
917 2686 958 2764 hi
987 2687 1175 2792 postremi
1199 2687 1242 2764 in
1271 2685 1465 2781 medium,
1493 2713 1578 2766 non
1604 2685 1725 2765 fuisse
1751 2685 1976 2792 Congrege-

158 2809 285 2888 tionis
309 2805 465 2886 aSixto
490 2808 726 2886 constitutae
752 2806 964 2912 Vulgatam
989 2809 1207 2916 corrigere,
1230 2809 1298 2892 sed
1321 2812 1440 2890 unice
1462 2811 1661 2919 colligere,
1687 2809 1911 2904 consulere,
1936 2825 1977 2888 et

160 2931 362 3036 Pontifici
388 2929 625 3010 adiumento
652 2957 757 3026 esse;
777 2949 818 3010 at
840 2930 891 3010 ad
916 2933 1046 3036 ipsum
1068 2935 1296 3015 Pontificem
1319 2935 1557 3043 pertinuisse
1578 2933 1691 3042 quod
1708 2963 1761 3013 ex
1781 2933 1980 3042 pluribus·

159 3075 257 3137 esset
278 3056 480 3166 optimum
501 3054 688 3164 deligere:
707 3055 825 3135 talam
844 3055 1019 3136 eiusdem
1040 3058 1158 3138 fuisse
1178 3075 1369 3153 mentem,
1391 3077 1513 3166 prout
1537 3060 1578 3138 in
1599 3059 1884 3138 constitutione
1903 3085 1974 3136 sua

159 3183 376 3289 perspicue
402 3178 756 3259 demonstraverat.
785 3181 899 3280 Quae
927 3179 1109 3288 quidem,
1132 3199 1178 3262 ut
1199 3200 1244 3261 ut
1271 3185 1423 3290 optima
1448 3181 1665 3262 excusandi
1687 3182 1809 3278 ratic,
1832 3209 1975 3289 parum

160 3305 357 3413 proficere
384 3303 543 3398 debuit,
566 3304 598 3382 si
626 3332 710 3384 nou
739 3305 989 3400 constiterat,
1009 3301 1166 3384 Sixtum
1189 3307 1265 3385 iam
1292 3304 1386 3385 inde
1407 3305 1460 3384 ab
1483 3305 1598 3385 initio
1626 3304 1827 3385 definitam
1853 3304 1975 3384 animi

159 3431 219 3509 sui
241 3429 480 3510 sententiam
498 3427 698 3508 Cardinali
718 3429 880 3508 Carafae
901 3430 1102 3536 aperuisse
1129 3430 1294 3536 aliisque
1316 3428 1490 3511 eiusdem
1514 3431 1843 3536 Congregationis
1865 3431 1907 3507 in
1928 3455 1972 3509 ea

159 3555 420 3663 persuasione
448 3553 550 3634 forte
578 3580 741 3660 operam
761 3580 870 3633 suam
893 3553 1197 3650 exhibentibus,
1222 3553 1334 3662 quod
1363 3554 1428 3633 illa
1447 3553 1643 3636 Bibliatn
1668 3552 1838 3634 aedibus·
1854 3555 1974 3634 Cara-

159 3679 220 3760 fae
246 3675 457 3759 'emendata
483 3678 733 3786 impressioni
760 3675 951 3757 darentur
979 3705 1118 3786 parum
1145 3696 1215 3758 aut
1239 3680 1339 3760 nihil
1368 3681 1586 3759 immutata.
1611 3678 1652 3759 Si
1676 3679 1743 3758 tali
1772 3694 1974 3787 pactores

158 3805 373 3910 contigerit
400 3831 474 3884 nec
502 3830 576 3898 ue,
605 3801 758 3882 notitiis
786 3799 964 3882 destituti
993 3801 1187 3882 affirmare
1215 3831 1300 3882 non
1328 3803 1536 3884 audemus.
1564 3802 1775 3898 Ceterum,
1801 3803 1879 3882 boo
1906 3825 1973 3884 ex-

157 3931 381 4038 ploratum,
403 3925 499 4008 dum
527 3929 625 4008 haec
653 3925 777 4006 editio
795 3955 818 4006 a
837 3928 976 4035 paucis
1002 3928 1108 4022 visa,
1130 3957 1152 4007 a
1173 3928 1307 4008 multis
1326 3929 1567 4036 reprehensa
1586 3930 1628 4008 in
1647 3927 1792 4035 vulgus
1810 3925 1973 4037 prodire

158 4056 225 4133 vix
246 4051 442 4150 audebat,
464 4079 556 4132 ecce
579 4079 710 4130 novus
727 4050 911 4130 Pontifex
930 4052 1150 4158 eligebatur
1171 4052 1358 4133 Urbanus
1377 4053 1466 4133 Vll.
1490 4052 1628 4132 eodem
1653 4081 1762 4133 anno
1780 4053 1969 4151 MDXC.;

158 4177 228 4259 sed
258 4177 326 4257 rix
355 4176 545 4257 tredecim
573 4175 715 4257 diebus
742 4177 976 4273 interiectis,
1000 4177 1066 4256 hic
1093 4176 1214 4276 obiit;
1242 4183 1365 4286 atque
1390 4177 1611 4284 Gregorius
1634 4176 1746 4255 XlV.
1769 4173 1827 4254 illi
1853 4171 1972 4258 suffe·

157 4321 247 4384 etus
275 4319 355 4399 est,
382 4303 469 4410 ipso
496 4301 635 4382 eodem
664 4328 771 4380 anno
799 4319 986 4382 exeunte.
1016 4302 1063 4382 In
1090 4302 1353 4411 subsequenti
1380 4303 1502 4408 igitur
1524 4329 1652 4399 anno,
1676 4295 1972 4383 defunctoziam

158 4430 340 4509 Antonio
358 4427 498 4508 Carafa
516 4425 716 4508 Cardinali
741 4426 934 4536 postridie
955 4427 1046 4508 idus
1067 4429 1236 4508 ianuarii
1260 4431 1338 4534 (1),
1361 4427 1480 4508 ceteri
1509 4425 1776 4522 consultores,
1799 4427 1897 4506 etin
1924 4427 1971 4508 iis

1104 4721 1117 4748 ι
1138 4700 1189 4754 est.
1201 4721 1214 4747 ν
1226 4697 1372 4754 Praeclare
1388 4703 1417 4754 et
1431 4659 1556 4769 apposite
1572 4694 1608 4754 de
1625 4695 1678 4754 bac
1693 4694 1857 4769 quaestione
1874 4693 1974 4753 scribit

1100 4787 1263 4847 Bonlrerius
1281 4787 1434 4859 (Preciae.
1452 4805 1478 4844 c.
1497 4789 1564 4846 XV.
1580 4792 1649 4845 rect.
1664 4793 1724 4856 8.):
1739 4809 1752 4836 α
1764 4785 1898 4858 Quamvis
1914 4785 1971 4844 iam

1102 4876 1301 4950 »pontificum
1327 4878 1493 4935 auctoritate
1520 4877 1675 4935 Bibliorutn
1705 4883 1817 4934 nostrae
1843 4873 1972 4948 vulgatae

158 4723 171 4746 a
192 4697 265 4754 libet
286 4698 415 4754 Romano
438 4697 519 4754 Pont.
542 4711 600 4754 non
623 4695 661 4753 sit
681 4695 806 4770 aequalis
826 4710 899 4768 quae
923 4694 979 4752 fuit
998 4695 1030 4754 in

157 4813 171 4836 a
192 4788 340 4846 Clemente
359 4786 514 4844 authoritas
532 4793 562 4844 et
579 4794 717 4860 potestas,
735 4784 784 4846 sed
802 4784 878 4860 quod
898 4783 1029 4859 probabi·

155 4903 170 4926 ι
191 4877 251 4934 lius
268 4876 397 4950 plerique
411 4875 538 4934 doctores
554 4884 702 4946 censeant,
715 4892 752 4934 ne
767 4875 917 4934 minimum
934 4875 1028 4934 locum

155 4990 168 5013 ι
191 4964 221 5022 in
238 4964 369 5037 thqoto
382 4965 528 5035 relictum,
542 4967 590 5038 qni
605 4964 785 5023 librariorum
799 4965 865 5022 titio
880 4973 1031 5034 corruptus

155 5079 168 5103 ·
191 5053 322 5110 censoria
337 5053 446 5126 virgula
463 5051 557 5112 adbuc
572 5055 610 5114 sit
625 5052 745 5128 dignus:
759 5069 824 5112 cnm
840 5054 915 5112 enim
932 5068 1029 5112 censo·

153 5169 167 5194 2
190 5159 235 5200 res
254 5141 381 5215 deputati
400 5143 496 5200 omnia
516 5144 632 5201 Petrum
654 5151 854 5214 monumenta,
872 5151 900 5201 et
918 5141 1028 5202 codices

152 5259 166 5284 .
189 5234 338 5292 universos
360 5248 470 5290 summa
495 5232 693 5306 perlustrarint
714 5233 880 5306 diligentia,
903 5249 960 5292 non
984 5240 1028 5290 est

153 5349 166 5372 ι
190 5323 363 5394 verisimile,
381 5333 414 5382 ut
431 5322 558 5382 delectus
580 5322 692 5397 aliquos
711 5324 891 5398 reliquerint,
910 5323 958 5382 ubi
979 5319 1028 5382 de·

152 5439 166 5464 ι
190 5412 405 5487 prebendemnt
417 5415 584 5474 correctiora
599 5413 782 5488 exemplaria,
794 5421 823 5472 et
835 5421 948 5487 patrum
961 5415 1028 5472 scri·

152 5529 164 5554 tt
188 5512 239 5577 pta
254 5519 349 5560 reram
365 5502 514 5561 lectionem
532 5505 691 5570 contineret
705 5512 734 5562 et
748 5511 863 5562 eatenus
879 5518 1028 5562 censorum

152 5619 165 5642 ι
188 5591 394 5665 deputatorum
416 5591 568 5650 humilitati
588 5591 806 5652 adscribendum
825 5591 935 5650 ducunt
951 5590 1027 5666 quod

150 5709 164 5734 .
187 5683 220 5740 in
239 5679 341 5754 praes.
363 5681 509 5756 Valqutae
527 5683 728 5740 enunciantnt:
748 5681 910 5754 Valeriam
927 5697 1029 5754 nempe

150 5797 164 5820 ι
185 5785 301 5828 sacrm
312 5772 487 5844 sortpmrae
497 5769 654 5828 editionem
668 5774 781 5843 quanta
789 5772 863 5845 steri
876 5773 974 5842 potati
985 5771 1031 5829 ut·

150 5887 165 5911 »
186 5861 320 5934 lieentia
344 5862 541 5931 castigatum.
557 5902 563 5915 .
581 5900 588 5914 .
604 5859 735 5918 omuibus
760 5860 889 5916 nummis
913 5857 1029 5916 amolu-

151 5977 165 6002 ι
187 5955 274 6020 taur,
286 5965 345 6023 pro
362 5949 495 6026 bumana
515 5947 717 6007 imbecillitate
733 5947 891 6022 affirmare
908 5945 1031 6022 difficile

1103 4992 1117 5020 ι
1137 4966 1271 5026 editionis
1289 4965 1449 5024 emendatio
1460 4967 1498 5024 sit
1510 4967 1602 5038 laem,
1618 4965 1743 5024 fatentur
1761 4975 1857 5024 umen
1871 4973 1900 5024 et
1917 4965 1972 5040 ipsi

1101 5080 1114 5107 n
1135 5055 1344 5124 emendatores,
1367 5055 1538 5129 praefatione
1559 5053 1595 5112 ud
1615 5053 1749 5114 lectorem
1772 5052 1872 5111 Bibliis
1891 5069 1971 5128 prae·

1101 5170 1115 5197 s
1135 5146 1205 5216 lixa,
1226 5159 1256 5202 se
1279 5143 1380 5202 menda
1399 5143 1538 5218 quaedam
1560 5151 1589 5202 et
1608 5151 1699 5202 errata
1719 5141 1881 5215 reliquisse,
1900 5156 1972 5214 qnae

1100 5259 1113 5286 s
1134 5234 1240 5307 alioqui
1260 5232 1428 5292 ridebantur
1447 5231 1640 5303 immutanda,
1661 5231 1696 5288 ad
1717 5229 1902 5288 offensionem
1921 5245 1971 5304 po·

1101 5346 1114 5373 n
1136 5322 1268 5396 pulcrum
1285 5321 1443 5380 vitandam:
1457 5329 1486 5379 et
1504 5327 1572 5378 sunt
1587 5319 1658 5377 torte
1675 5319 1830 5390 nonnulla,
1844 5335 1917 5391 qnae
1929 5327 1971 5380 ct·

1102 5435 1115 5462 r
1136 5412 1193 5470 iam
1213 5411 1265 5470 bos
1284 5419 1343 5468 mm
1364 5409 1491 5468 oculatos
1509 5416 1679 5466 correctores
1697 5407 1794 5481 lugere
1812 5406 1970 5480 pomerium

1102 5517 1208 5576 »quae
1228 5500 1335 5558 bonum
1361 5507 1403 5556 est
1428 5498 1463 5557 ab
1487 5495 1688 5570 interpretibus
1712 5495 1858 5564 annotari,
1877 5501 1910 5552 ut
1931 5491 1971 5551 si·

1101 5593 1249 5664 »quando
1272 5587 1356 5648 aliam
1382 5589 1529 5660 contingat
1553 5585 1613 5644 lieri
1638 5584 1796 5643 bibliorum
1820 5580 1969 5641 consotio-

1102 5705 1115 5732 υ
1136 5695 1217 5750 nem,
1237 5679 1299 5738 loca
1320 5678 1389 5738 haec
1409 5693 1425 5736 a
1444 5676 1648 5736 aeneatoribus
1665 5675 1800 5734 attentius
1819 5670 1970 5744 inspician-

1103 5793 1117 5822 ι
1136 5779 1195 5828 tur.
1209 5793 1223 5822 a

1206 5863 1244 5928 (l)
1263 5861 1302 5916 Ex
1330 5858 1492 5916 narratione
1517 5855 1649 5916 Gbislerii
1674 5852 1772 5927 (apud
1795 5853 1970 5934 Vezaosurp,

1101 5950 1155 6022 Op.
1168 5948 1218 6006 cit.
1227 5956 1296 6006 tom.
1310 5953 1333 6005 t.
1344 5963 1409 6022 pag.
1423 5953 1483 6016 ta.)
1499 5947 1635 6020 allogium
1652 5943 1768 6003 Carafae
1784 5940 1968 6003 subiicimua:
