4750 6694
802 525 1045 605 xrrmnrts
1069 525 1258 604 ultttcus
1831 519 1935 596 XGlll

125 681 269 790 ptione
296 705 520 776 careamus,
540 705 878 787 supervacaneum
904 682 1032 760 visum
1058 697 1117 760 est
1143 680 1249 787 ipsas
1276 675 1460 758 codicum
1485 689 1601 756 notas
1627 699 1797 754 servare.
1825 671 1936 754 Haec

127 822 261 885 autem
288 803 447 886 collatio
475 801 575 885 adeo
603 802 721 909 plena
748 821 870 910 atque
897 804 1049 909 integra
1075 820 1153 898 est,
1177 820 1221 882 ut
1248 801 1342 882 alias
1368 828 1506 882 omnes
1527 798 1591 880 vel
1617 796 1744 879 editas
1759 797 1828 876 vel
1850 797 1935 878 ine·

127 927 231 1008 ditas
257 932 382 1037 (quas
405 927 567 1036 quidem
590 924 726 1008 videre
747 927 884 1030 licuit)
909 927 1026 1031 longe
1051 943 1225 1034 superet.
1249 925 1289 1006 Si
1310 925 1417 1005 euim
1437 923 1609 1031 excipias
1629 921 1827 1029 simplices
1848 947 1936 1002 ver·

127 1052 274 1132 borum
301 1053 649 1159 transpositiones,
672 1077 776 1158 quae
800 1051 999 1155 neglectae
1021 1051 1206 1146 fuerunt,
1227 1050 1434 1129 varietates
1461 1073 1619 1142 omnes,
1641 1044 1937 1152 quantumlibet

126 1178 334 1273 minimae,
355 1174 605 1282 singulorum
632 1173 813 1255 codicum
842 1173 1100 1256 adnotantur.
1126 1175 1188 1252 Ex
1215 1174 1276 1253 his
1301 1172 1522 1278 colligimus
1545 1171 1757 1278 plerosque
1780 1167 1937 1250 codices

127 1301 353 1382 casinenses
381 1299 431 1381 ad
459 1299 721 1379 alcuinianam
747 1299 1020 1378 recensionem
1045 1298 1266 1405 pertinere;
1298 1312 1378 1376 tres
1395 1297 1519 1376 ‘aliam
1547 1295 1712 1374 omnino
1738 1290 1940 1374 diversam-

126 1426 401 1505 recensionem
425 1423 635 1522 exhibere;
661 1453 787 1502 unum
811 1441 881 1503 aut
906 1425 1073 1504 alterum
1096 1421 1148 1502 ad
1170 1449 1329 1529 graecos
1351 1419 1529 1516 codices,
1549 1419 1613 1498 vel
1635 1419 1686 1498 ad
1705 1418 1936 1500 hebraicum

125 1566 284 1628 textum
305 1547 424 1628 fuisse
447 1547 718 1628 reformatum.
744 1545 1035 1654 Inquirendum
1059 1573 1182 1653 porro
1207 1544 1392 1624 duximus
1412 1560 1545 1623 utrum
1564 1540 1757 1650 praedicti
1780 1539 1937 1622 codices

126 1671 262 1752 adhuc
290 1687 545 1752 servarentur
573 1673 615 1750 in
644 1669 819 1750 eiusdem
847 1671 1075 1750 monasterii
1105 1669 1360 1749 bibliotheca.
1390 1666 1647 1774 Proindeque
1675 1695 1716 1773 p.
1744 1659 1937 1746 Sebastia-

126 1823 225 1874 num
254 1795 430 1876 Kalefati
457 1795 698 1903 praefectum
727 1794 877 1874 archivi
903 1785 1051 1874 Montis
1079 1794 1211 1874 Casini
1240 1793 1464 1898 rogavimus
1490 1819 1542 1870 ne
1569 1806 1802 1896 gravaretur
1830 1817 1938 1869 com-

125 1921 332 1999 municare
359 1918 496 2016 nobis,
522 1919 747 2027 speciminis
774 1919 921 2024 gratia,
942 1919 1069 1997 varias
1090 1917 1278 1999 lectiones
1303 1915 1445 2023 capitis
1469 1915 1585 2023 primi
1611 1915 1932 2011 Deuteronomii,

126 2045 296 2149 quaein
320 2043 508 2123 omnihus
532 2042 801 2125 casinensibus
819 2029 981 2144 Vulgati
1003 2038 1208 2123 codicibus
1230 2056 1461 2122 occurrunt.
1488 2039 1556 2118 Ille
1580 2065 1676 2119 vero
1695 2065 1848 2118 summa
1869 2065 1936 2116 ur-

126 2165 306 2246 banitate
329 2193 562 2273 summaque
584 2163 787 2270 diligentia
810 2164 988 2269 singulos
1009 2161 1165 2242 codices
1185 2164 1290 2242 illius
1313 2164 1579 2246 bibliothecae
1604 2163 1793 2261 contulit,
1817 2189 1937 2270 expe-

126 2290 327 2396 titumque
350 2290 551 2396 specimen
576 2288 692 2368 nobis
717 2286 902 2385 tradidit;
928 2289 1048 2367 immo
1072 2303 1297 2368 accuratam
1318 2316 1484 2395 quoque
1504 2288 1685 2368 notitiam
1706 2284 1937 2368 eorumdem

128 2412 314 2494 codicum
342 2412 499 2494 adiecit.
531 2415 587 2492 Ex
609 2441 688 2520 qua
708 2413 962 2518 intelligimus
980 2411 1198 2491 nonnullos
1216 2411 1373 2494 codices
1390 2415 1454 2518 (et
1480 2412 1646 2492 fortasse
1665 2413 1935 2518 antiquiores)

127 2535 340 2618 distractos
358 2537 519 2645 quidem
539 2555 608 2618 aut
626 2535 804 2643 perditos
822 2536 955 2633 fuisse;
971 2553 1009 2616 at
1026 2536 1240 2644 plerosque
1259 2535 1389 2616 adhuc
1407 2553 1594 2617 servatos.
1607 2534 1811 2616 Sexdecim
1830 2536 1936 2616 enim

127 2678 346 2768 supersunt
372 2662 612 2769 exemplaria
643 2688 746 2768 quae
777 2661 1132 2742 Deuteronomium
1165 2659 1513 2769 complectuntur,
1543 2688 1596 2740 ex
1627 2661 1775 2768 quibus
1808 2689 1937 2740 unum

128 2787 299 2893 (nempe
326 2784 416 2865 cod.
441 2786 561 2889 515.)
585 2783 635 2866 ad
660 2785 720 2862 X.
735 2784 910 2864 seculum
938 2783 1130 2890 pertinet;
1156 2783 1312 2891 reliqua
1334 2811 1430 2864 vero
1456 2784 1676 2864 recentiora
1698 2801 1805 2864 sunt.
1832 2787 1938 2866 Hinc

129 2937 234 3016 quas
260 2910 357 2990 olim
385 2911 519 3017 plures
546 2910 771 2990 casinenses
798 2907 955 2991 codices
981 2905 1258 2989 custodiebant
1284 2907 1493 3003 lectiones,
1525 2906 1681 2988 easdem
1708 2910 1938 3016 superstites

127 3033 236 3129 libri,
253 3035 326 3114 etsi
345 3061 514 3113 numero
532 3035 754 3140 pauciores,
770 3031 902 3111 adhuc
920 3048 1092 3125 servant,
1109 3047 1233 3138 prout
1251 3030 1428 3110 subiecta
1446 3030 1589 3110 tabella
1608 3031 1878 3139 demonstrat(
1905 3035 1933 3137 ).

238 3159 305 3240 25.
331 3157 424 3236 Non
452 3156 646 3237 modicam
675 3157 884 3237 utilitatem
911 3154 1127 3260 pontificiis
1154 3153 1406 3249 censoribus,
1426 3154 1625 3261 nobisque
1653 3156 1784 3235 attulit
1810 3155 1937 3238 codex

127 3281 316 3385 gothicus
342 3281 606 3386 legionensis,
628 3283 741 3360 cuius
768 3279 898 3358 variae
924 3278 1115 3358 lectiones
1135 3277 1177 3356 in
1201 3276 1337 3358 codice
1359 3278 1540 3358 vaticano
1562 3281 1681 3386 1859.
1710 3282 1725 3386 (
1738 3308 1820 3360 non
1843 3309 1938 3362 vero

129 3405 274 3509 5859„
297 3404 356 3482 uti
384 3402 571 3484 mendose
598 3404 781 3511 superius
803 3403 960 3509 irrepsit
981 3429 1073 3510 pag.
1095 3401 1246 3480 XXVI.
1265 3401 1308 3480 in
1332 3417 1427 3480 nota
1450 3403 1516 3506 a.)
1538 3420 1761 3484 servantur.
1788 3405 1843 3485 Ut
1864 3435 1938 3488 no·

127 3524 309 3604 bilissimi
336 3527 457 3606 huius
485 3525 633 3608 codicis
659 3528 880 3634 pleniorem
907 3525 1087 3606 notitiam
1113 3524 1329 3605 lectoribus
1357 3525 1637 3624 exhibeamus,
1667 3529 1938 3610 subnectimus

128 3648 282 3730 litteras
300 3677 401 3758 quas
419 3651 462 3729 in
479 3650 613 3731 fronte
630 3649 780 3731 laudati
800 3649 947 3730 codicis
965 3650 1136 3730 vaticani
1156 3651 1322 3757 scriptas
1338 3651 1576 3756 reperimus:
1597 3683 1616 3726 α
1631 3655 1660 3732 I
1660 3653 1755 3732 tuns
1772 3682 1822 3732 ac
1838 3657 1939 3734 Rmo

128 3773 231 3851 DD.
254 3773 442 3892 Antonio
463 3776 662 3880 Carassoe
686 3803 722 3853 s.
742 3775 905 3854 Mariae
923 3775 969 3854 in.
990 3778 1036 3854 V
1033 3775 1076 3852 ia
1105 3775 1191 3854 latta
1212 3775 1447 3868 Caminatt,
1472 3776 1715 3856 Franciscus
1741 3779 1938 3885 legionen·

127 3897 186 3974 sis
213 3897 423 4005 episcopus
449 3896 497 3976 S.
518 3902 571 3975 P.
593 3897 812 4004 Cupiebam
840 3925 955 3995 sane,
980 3897 1090 3977 llln‘re
1116 3899 1325 4006 princeps,
1351 3899 1556 4004 gothicum
1578 3900 1775 3999 codicem,
1803 3906 1937 3986 chara·

128 4021 309 4101 eteribus
336 4022 454 4100 etiam
482 4021 649 4127 gothicis
677 4023 984 4129 transcriptum,
1006 4019 1059 4102 ad
1085 4039 1254 4102 vestram
1281 4023 1554 4104 celsitudinem
1580 4028 1754 4124 mittere,
1782 4047 1938 4110 etcum

130 4144 245 4224 nulla
264 4146 306 4224 in
325 4171 367 4248 re
386 4161 535 4226 vestrae
557 4145 803 4226 celsitudinis
821 4148 923 4226 votis
940 4145 1076 4228 deesse
1098 4146 1259 4245 vellem,
1281 4148 1456 4254 optimos
1475 4177 1555 4258 qua
1580 4153 1696 4258 potui
1720 4155 1830 4257 (non
1854 4156 1939 4234 vul-

127 4269 241 4374 gari)
267 4266 473 4375 diligentia
500 4272 794 4378 conscriptores
816 4271 974 4376 exquiri
997 4272 1149 4351 curavi.
1175 4270 1327 4354 Verum
1348 4289 1478 4354 tamen
1504 4303 1578 4356 nec
1601 4275 1653 4356 ad
1673 4278 1940 4358 transcriben-

128 4390 231 4470 dum
258 4391 488 4498 vulgaribus
515 4393 811 4475 characteribus
841 4393 1100 4490 adinvenire,
1132 4393 1279 4475 nedum
1316 4380 1515 4500 gothicis,
1551 4399 1670 4478 valui.
1705 4401 1940 4482 Exterrebut

105 4515 240 4593 euim
266 4543 335 4594 eos
361 4515 576 4596 voluminis
603 4517 858 4624 magnitudo,
879 4517 1146 4626 dicebantque
1169 4547 1243 4600 nec
1266 4521 1421 4628 integro
1443 4549 1484 4600 se
1507 4521 1672 4602 biennio
1694 4551 1812 4631 posse
1837 4553 1941 4634 opus

129 4637 348 4720 conficere:
373 4667 477 4748 quae
504 4667 587 4737 res,
609 4659 654 4721 ut
675 4671 749 4750 par
771 4659 877 4739 erat,
898 4643 1073 4724 animum
1097 4670 1228 4722 meum
1250 4645 1367 4724 nimis
1388 4645 1582 4751 angebat:
1602 4663 1641 4726 et
1665 4649 1696 4726 si
1720 4650 1825 4729 enim
1850 4667 1942 4758 post

127 4780 213 4842 tam
239 4762 402 4867 longum
429 4781 585 4872 tempus
612 4793 702 4848 vere
729 4769 923 4875 promissa
950 4784 1101 4848 vestrae
1124 4766 1350 4848 celsitudini
1374 4769 1603 4869 redderem,
1623 4772 1782 4852 interim
1810 4791 1942 4855 tamen

128 4901 299 4992 propter
321 4884 487 4968 dilatum
505 4904 661 4996 tempus
681 4892 909 4999 suspicione
927 4891 1090 4998 iniquae
1109 4889 1201 4972 fidei
1221 4891 1361 4972 famam
1379 4895 1506 4974 meam
1525 4892 1636 5001 apud
1654 4911 1822 4976 vestram
1840 4923 1943 4977 eam-

240 5117 456 5182 (clusuratam.
558 5116 641 5176 codd.
662 5120 724 5178 Cas.
816 5119 900 5178 codd.
920 5121 984 5180 Cas.
1147 5151 1184 5166 -
1212 5124 1361 5178 eschaetis
1602 5131 1630 5184 1.

284 5203 353 5276 Cap.
374 5205 397 5260 1.
586 5214 690 5266 veteres
839 5207 968 5269 hodierni
1148 5215 1193 5266 11.
1215 5213 1295 5267 Deus
1312 5214 1410 5268 mater
1425 5227 1456 5284 p.
1607 5216 1634 5270 1.

1148 5301 1194 5354 m.
1214 5301 1394 5356 murmurctt
1409 5301 1479 5356 estts
1592 5305 1635 5357 11.

187 5385 214 5435 1.
233 5379 277 5436 ud
286 5379 372 5452 filios
390 5383 487 5439 Israel
612 5391 656 5442 tc.
887 5393 915 5445 8.
1148 5391 1194 5443 11.
1214 5391 1352 5444 muratae
1607 5394 1635 5444 1.

187 5474 215 5524 1.
235 5465 283 5524 tut
301 5473 381 5526 Deua
628 5478 656 5530 8.
888 5482 917 5532 7.
1150 5483 1196 5534 11.
1214 5479 1250 5532 In
1266 5475 1421 5534 solitudine
1593 5482 1637 5534 19.

185 5559 214 5611 9.
233 5559 307 5613 11111
325 5573 435 5630 qaoque
630 5567 656 5617 1.
891 5569 907 5620 1
1148 5595 1184 5608 -
1210 5565 1372 5639 porculam
1388 5581 1472 5623 ruam
1607 5572 1635 5622 1.

178 5655 218 5689 -’-
234 5645 287 5702 1111
307 5649 435 5720 ampotis
614 5656 658 5707 19.
891 5657 918 5710 9.
1149 5659 1193 5712 11.
1214 5660 1274 5712 Dec
1291 5659 1392 5712 nostro
1609 5661 1636 5712 1.

168 5741 217 5794 19.
234 5734 386 5808 plurimae
614 5745 658 5797 11.
874 5747 919 5800 tt.
1149 5748 1195 5800 11.
1211 5746 1373 5816 praecessit
1390 5759 1442 5800 aua
1608 5749 1636 5799 1.

168 5831 215 5882 11.
234 5829 266 5882 et
278 5841 392 5898 mnam
630 5834 659 5886 9.
890 5835 908 5886 8
1149 5837 1193 5889 99.
1214 5836 1267 5890 aut
1285 5832 1359 5890 mola·
1590 5839 1634 5889 19.

171 5918 216 5970 19.
234 5916 313 5971 elcut
329 5918 483 5989 praecepte
633 5923 660 5974 1.
892 5923 909 5974 1
1148 5927 1194 5978 11.
1213 5921 1358 5980 escuem
1592 5927 1632 5979 to.

1847 5134 1879 5983 Pffffpnsbff—y’r-t-
