4804 6692
857 585 1177 674 iuotuuotllini
1852 585 1922 658 ixl
2011 577 2019 590 ’

793 858 797 869 .
853 799 879 868 ,·
940 771 974 888 g.
1004 731 1094 901 xie.
1143 776 1187 802 ·’
1482 760 1486 767 ’

190 939 330 1024 Editio
351 908 649 1060 propediemin
671 919 1055 1054 lucem,prq[eciara
1072 912 1183 1025 obitu
1199 941 1353 1043 summi
1371 908 1844 1046 Pontifidisreiortleiur.

360 1069 616 1180 'Clementis
641 1069 779 1178 VIII..
800 1069 948 1176 decreto
975 1067 1161 1176 ecelesiae
1185 1067 1365 1174 utilitati
1391 1065 1639 1170 consultam.
1693 1159 1697 1168 Ι
1761 1158 1766 1166 ¹
1878 1157 1883 1168 .

222 1247 309 1327 Viri
336 1248 391 1326 illi
415 1236 740 1355 praestantissimi
761 1267 883 1354 opere
902 1274 976 1325 suo
992 1245 1122 1326 functi
1141 1247 1306 1324 Romam
1330 1224 1578 1363 repetierunt
1596 1267 1731 1320 mense
1750 1235 1920 1356 octobri.

125 1373 210 1472 Quo
237 1373 367 1452 statim
385 1387 431 1452 aii
449 1387 718 1478 pervenerunt
743 1369 875 1449 festini
904 1355 1041 1449 eorum
1069 1368 1217 1448 laboris
1243 1383 1399 1482 tantum
1415 1364 1486 1446 eos
1505 1393 1589 1445 non
1605 1364 1830 1480 poenituit.
1850 1361 1925 1478 ¹Et·

126 1499 221 1576 enim
240 1497 461 1602 Gregorius
477 1495 573 1574 XIV
577 1557 585 1574 .
600 1496 824 1599 gravissima
845 1494 1099 1579 detinebatur
1116 1494 1358 1588 infirmitate,
1376 1491 1576 1597 mortique
1594 1490 1803 1596 proximus
1823 1501 1921 1580 erat,

125 1647 236 1727 quam
265 1617 330 1698 die
357 1617 650 1726 quintadecima
679 1617 853 1697 eiusdem
881 1619 1025 1703 mensis
1053 1617 1224 1730 oppetiit
1250 1644 1356 1696 atino
1380 1617 1468 1724 ipso
1492 1613 1675 1695 MDXCI.
1703 1613 1925 1719 Expectan-

124 1742 211 1822 dum
237 1760 324 1823 erat
345 1743 467 1850 igitur
490 1760 534 1821 ut
558 1770 686 1821 novus
710 1744 893 1821 Pontifex
918 1737 1141 1849 eligeretur.
1169 1743 1411 1848 Opportune
1432 1737 1595 1850 ¹quidem
1619 1733 1925 1846 quatuordecim

124 1867 331 1946 interiectis
353 1865 493 1946 diebus
514 1865 564 1945 ab
585 1866 699 1944 obitu
719 1867 903 1972 Gregorii
923 1866 1068 1945 electus
1090 1855 1166 1943 fuit
1185 1865 1440 1945 Innocentius
1460 1861 1549 1961 IX„
1566 1891 1704 1943 verum
1726 1876 1926 1967 superstes

124 1989 193 2070 fuit
208 2009 362 2070 tantum
384 1988 573 2070 adfinem
592 1985 811 2070 decembris
831 1989 1008 2068 eiusdem
1026 1981 1142 2068 anni:
1164 1979 1291 2096 qdare
1309 2005 1379 2066 aut
1398 1987 1498 2066 nihil
1519 2003 1725 2095 peractum
1742 2002 1801 2064 est
1819 1985 1925 2062 circa

124 2112 194 2192 boc
220 2115 444 2219 negotium,
466 2132 536 2193 aut
562 2132 640 2192 tam
664 2139 805 2220 parum
825 2130 871 2191 ut
890 2107 1099 2192 memoriae
1126 2111 1332 2218 proditum
1351 2137 1434 2190 nou
1451 2109 1585 2190 fuerit.
1616 2113 1809 2217 Prospere
1834 2125 1923 2187 tan·

124 2235 204 2316 dem
228 2240 382 2336 evenit,
403 2239 468 2316 vix
491 2255 584 2344 post
604 2253 864 2334 mensem„ut
886 2235 937 2316 ad
960 2238 1100 2316 summi
1121 2237 1375 2315 Pontificatus
1398 2237 1590 2327 honorem
1610 2235 1793 2314 Clemens
1811 2231 1921 2312 VIII.

123 2362 364 2442 eveheretur.
396 2362 501 2442 Huic
527 2389 649 2468 porro
678 2361 814 2440 datum
833 2361 962 2439 fuerat
983 2387 1063 2440 rem
1085 2353 1245 2467 penitus
1269 2351 1372 2440 ci‘r'ea
1392 2359 1586 2466 vulgatae
1611 2359 1756 2438 latinae
1784 2356 1925 2437 editio·

124 2513 206 2564 nem
229 2486 445 2566 conficere:
467 2503 590 2593 atque
610 2503 704 2593 post
728 2481 979 2577 decessorum
1003 2486 1087 2563 eius
1104 2501 1165 2564 tot
1188 2485 1369 2580 consilia,
1392 2501 1482 2592 post
1505 2486 1719 2564 multorum
1743 2483 1921 2579 labores,

123 2627 208 2717 post
234 2610 393 2690 iteratas
421 2611 595 2688 virorum
623 2607 833 2688 doctorum
863 2607 1181 2702 emendationes,
1210 2618 1309 2714 post¹
1329 2610 1680 2716 longaexamina,
1711 2607 1925 2688 dubitatio·-

123 2762 204 2829 nes,
227 2731 429 2840 ambages,
452 2732 864 2841 disceptationesque,
886 2750 1030 2812 statum
1051 2729 1195 2814 latinae
1218 2723 1608 2842 translationis,'qua
1628 2719 1812 2814 universa
1839 2749 1925 2813 ute-

123 2873 224 2935 retur
246 2856 504 2936 occidentalis
521 2856 682 2938 ecelesia
702 2856 878 2952 limitare,
891 2851 973 2962 'qui
992 2856 1021 2933 si
1046 2883 1128 2935 non
1154 2855 1427 2968 undequaque
1446 2859 1642 2968 perfectus
1665 2860 1815 2938 censeri
1835 2885 1925 2965 pos·

123 2979 185 3074 sit,
207 2980 372 3059 cuilibet
390 2979 447 3058 rei
466 2977 736 3059 difficultatem
747 2979 885 3087 'aequo
904 2975 1038 3058 animo
1055 2980 1342 3088 perpendenti,
1365 2981 1415 3062 ad
1435 2983 1716 3090 perfectionem
1735 2981 1922 3062 accedere

123 3130 346 3208 persuasum
372 3104 513 3210 utique
531 3103 624 3202 a'rit;
646 3102 758 3210 quod
785 3100 947 3210 quidem
966 3101 1149 3182 sufficere
1165 3101 1303 3201 debet3
1324 3107 1519 3214 optimum
1540 3132 1712 3214 namque
1731 3107 1923 3211 attingere

122 3225 216 3306 ultra
234 3228 452 3310 hominum
477 3228 582 3306 ‚vires
602 3254 687 3309 esse
707 3253 829 3306 nemo
853 3221 1031 3336 prudens
1057 3228 1228 3332 ignorat.
1259 3229 1380 3308 liecte
1401 3228 1619 3337 aliquando
1643 3228 1694 3308 de
1718 3229 1838 3308 sacris
1860 3227 1923 3308 Bi·

123 3347 223 3444 bliis,
248 3350 388 3457 quoad
416 3351 591 3431 criticam
617 3348 847 3430 eorumdem
876 3365 1006 3448 textus
1023 3347 1372 3433 ct'i'nservationem
1397 3354 1491 3460 plus
1516 3343 1578 3433 vel
1598 3343 1738 3431 'minus
1763 3345 1923 3432 accura-

122 3486 192 3548 tam
211 3472 376 3554 Geddes
392 3474 611 3555 scribebat:
628 3507 648 3546 r
661 3474 784 3553 &rme
799 3475 1109 3554 recentissimum
1129 3493 1169 3554 et
1188 3475 1293 3555 inter
1307 3479 1443 3556 omnia
1455 3467 1924 3584 'maxime-imperfectum

125 3623 142 3666 i
161 3597 361 3704 exemplar
381 3603 545 3698 (tensas
564 3598 770 3699 hebraici)
790 3600 853 3678 vel
876 3597 1046 3680 maxime
1066 3593 1291 3695 erroneam,
1317 3599 1706 3680 versionis'maxime'
1725 3589 1840 3679 etiam
1857 3629 1923 3680 er-

125 3747 324 3814 araneae,
345 3720 651 3829 apograpbiam',
673 3741 713 3802 et
733 3725 867 3802 omnia
889 3724 1068 3803 invenies
1085 3723 1135 3805 ad
1154 3726 1477 3804 constituendum
1502 3715 1923 3818 authenticumsdocu·

124 3861 337 3924 amentum
363 3849 605 3946 necessaria,
627 3846 743 3927 etad
763 3846 961 3954 implenda
987 3849 1054 3928 illa
1082 3848 1460 3956 consilia-quorum
1479 3843 1595 3929 causa
1620 3842 1756 3930 datum
1786 3840 1873 3929 fuit.
1900 3881 1919 3926 »

122 3969 234 4076 (pag.
264 3971 356 4076 17.)
385 3971 605 4051 Consilium
631 3969 768 4080 itaque
795 3971 952 4052 sanctae
978 3969 1354 4080 synodiimpletum
1383 3971 1490 4070 fuit,¹
1506 3967 1615 4082 quae'
1637 3965 1923 4054 catholicorum

122 4096 402 4175 controversias
421 4097 525 4176 circa
549 4099 675 4176 varias
692 4097 880 4203 vulgatae
906 4097 1098 4176 lectiones
1121 4097 1236 4176 finire
1255 4098 1402 4197 voluit3
1426 4115 1511 4178 tum
1538 4085 1828 4188 baereticorum
1851 4099 1924 4178 ob‘-

122 4219 418 4326 tractationibus
439 4247 667 4301 occurrere:
694 4223 857 4327 utrique
883 4221 941 4299 rei
967 4247 1040 4326 per
1067 4221 1170 4299 banc
1196 4219 1412 4300 editionem
1435 4224 1658 4330 provisum;
1685 4223 1924 4329 priori—qui-

122 4333 201 4417 dem
222 4360 262 4421 et
281 4345 411 4424 statim
432 4361 472 4423 et
494 4345 629 4451 plene;
651 4345 864 4453 posteriori
889 4346 1052 4424 nonnisi
1079 4361 1290 4452 postquam
1310 4363 1425 4425 vetus
1443 4345 1508 4425 ille
1530 4365 1767 4426 novatorum
1792 4363 1923 4434 aestus

121 4459 335 4565 deferbuit,
358 4470 429 4576 qui
448 4498 558 4549 nrrno
577 4469 738 4576 quidem
762 4469 942 4576 aequiori
961 4469 1093 4548 animo
1112 4466 1163 4548 de
1181 4469 1415 4549 clementina
1435 4468 1612 4550 editione
1631 4469 1827 4568 iudicant;
1850 4500 1923 4552 nec

121 4583 256 4670 desunt
274 4596 382 4674 inter
399 4623 469 4674 eos
486 4597 559 4702 qui
578 4594 758 4703 prudens
777 4596 1007 4700 iustumque
1025 4609 1172 4674 vocant
1186 4593 1393 4674 tridentini
1412 4593 1568 4674 concilii
1588 4595 1789 4676 decretum
1809 4593 1922 4703 quod

120 4725 154 4788 et
170 4740 216 4793 ex
237 4718 427 4797 omnibus
446 4719 578 4802 latinis
596 4719 858 4815 editionibus,
882 4745 987 4827 quae
1006 4719 1406 4813 circumferebantur,
1427 4719 1531 4797 banc
1550 4721 1675 4826 ipsam
1692 4736 1865 4800 veterem
1884 4737 1923 4802 et

121 4829 312 4942 vulgatam
333 4843 546 4924 editionem
570 4873 646 4953 pro
674 4845 921 4925 authentica
937 4844 1077 4924 baberi
1098 4843 1364 4952 praeceperit,
1391 4859 1432 4922 et
1452 4871 1577 4950 qaam
1602 4843 1925 4924 emendatissime

120 4963 288 5046 eiusdem
307 4971 547 5077 exemplaria
564 4971 747 5078 imprimi
759 4969 1020 5050 mandaverit.
1034 4969 1117 5048 Nos
1132 4995 1227 5047 vero
1246 4966 1466 5046 catholicae
1482 4965 1823 5048 ecetesiae'merito
1843 4997 1926 5076 gra·

120 5087 228 5168 tulari
248 5090 386 5190 decet,
408 5122 511 5201 quae
538 5095 723 5201 plurium.
743 5096 957 5172 latinarum
983 5095 1211 5173 versionum
1239 5091 1524 5200 impedimento
1544 5119 1566 5170 e
1587 5091 1718 5172 medio
1742 5093 1920 5190 sublate,

119 5269 286 5327 -Assidao
307 5313 314 5326 .
334 5271 495 5344 seiamque
515 5315 522 5330 .
543 5277 626 5332 xiii.
648 5275 771 5330 illerum
793 5316 800 5330 .
820 5273 931 5329 Labore
948 5304 984 5317 -
1056 5281 1150 5348 aperte
1172 5273 1286 5330 scribit:
1309 5295 1322 5322 ι
1336 5273 1406 5330 Cum
1429 5289 1474 5330 res
1497 5273 1669 5342 traheretur,
1695 5272 1730 5330 ab
1751 5289 1784 5331 eo
1805 5273 1923 5339 (cord.

120 5355 167 5410 llis
180 5397 186 5410 .
199 5361 275 5430 Ipsis
289 5403 297 5416 .
310 5365 348 5416 ln
361 5402 368 5416 .
382 5362 509 5419 Aedibus
523 5405 529 5419 .
544 5361 776 5433 Persereraat-
787 5367 851 5420 Ne.
871 5367 984 5419 Tantae
1057 5387 1069 5414 a
1090 5367 1159 5422 Ani.
1178 5363 1345 5429 columne)
1364 5361 1441 5418 ducti
1459 5363 1650 5434 zagarolum.
1668 5405 1675 5418 .
1690 5406 1696 5418 .
1711 5377 1744 5418 ac
1761 5361 1800 5417 ibi
1816 5377 1924 5432 noven-

119 5443 165 5498 Rel
183 5487 190 5500 .
207 5451 326 5505 Notitto
339 5491 346 5505 .
360 5450 528 5522 Aliquando
548 5495 555 5508 .
575 5451 879 5508 periret-Clemens
900 5493 906 5506 .
928 5457 984 5508 lio·
1058 5475 1070 5502 υ
1091 5451 1181 5507 decim
1206 5458 1278 5507 totos
1300 5450 1361 5506 dies
1381 5451 1562 5506 commentati
1583 5466 1641 5506 una
1665 5465 1774 5506 sumus.
1790 5473 1803 5498 υ
1819 5456 1874 5518 At,
1893 5449 1924 5504 ni

120 5535 235 5593 minicae
255 5577 262 5592 .
283 5538 522 5612 Raspialiosas-
531 5540 692 5601 clementis
705 5582 713 5596 .
726 5543 779 5598 ix.
802 5545 833 5596 Ρ.
849 5545 883 5597 0.
896 5545 937 5598 M.
949 5571 986 5584 -
1056 5537 1201 5607 fallimur,
1219 5555 1252 5596 ex
1273 5538 1371 5596 eadem
1389 5539 1495 5597 Morini
1514 5538 1633 5610 epistola
1653 5541 1762 5596 eruitur
1780 5536 1923 5609 negotium

120 5625 163 5678 Ea
174 5668 181 5682 .
193 5629 302 5686 Fratre
317 5669 324 5685 .
339 5635 484 5702 pronepos
501 5673 508 5687 .
523 5631 767 5704 Zaparoiensiam
784 5673 790 5686 .
805 5634 986 5688 Dae-lila-
1057 5629 1133 5695 istud
1151 5630 1330 5690 correctionis
1346 5629 1504 5687 bibliorum
1520 5643 1578 5686 non
1593 5627 1680 5686 fuisso
1696 5626 1853 5686 maiatum
1868 5627 1923 5684 Za·

120 5718 279 5772 eumeniam
300 5759 309 5774 .
329 5723 558 5786 Posuil—-Anao
580 5761 588 5776 .
606 5720 717 5778 Salutis
731 5761 739 5776 .
753 5721 982 5779 MDCCXXJII.
1056 5720 1161 5795 gataih
1173 5719 1271 5778 subdit
1284 5721 1375 5776 enim:
1392 5721 1536 5776 «Romam
1552 5719 1683 5786 reversis,
1697 5731 1768 5789 quae
1783 5717 1841 5786 lpse
1855 5729 1924 5787 quo-

218 5804 297 5876 Quae
311 5804 341 5863 in
356 5806 497 5878 praedicta
515 5807 665 5882 epigraphe
680 5816 845 5877 armantur,
860 5807 983 5866 testimo·
1056 5832 1070 5860 i
1090 5823 1145 5880 que
1160 5809 1333 5876 attulerim,
1355 5823 1429 5881 quae
1450 5808 1616 5881 disputarim
1639 5808 1734 5864 sciunt
1756 5804 1923 5876 amplissimi

121 5891 163 5947 nio
185 5893 319 5952 nituntur
339 5897 423 5953 etiarn
446 5897 523 5954 Petri
544 5896 662 5967 Morini,
681 5899 731 5970 qui
754 5913 829 5964 unus
848 5895 946 5964 ‚iuerat
967 5911 983 5953 e
1057 5921 1070 5948 ι
1091 5899 1203 5969 Patres,
1222 5897 1326 5972 quibus
1351 5913 1396 5954 me
1417 5898 1604 5966 satisfecisse,
1623 5895 1804 5967 officiumque
1826 5909 1923 5955 meum

121 5983 336 6043 mnsaltoribus.
348 5985 418 6043 iiam
432 5986 461 6042 in
476 5986 593 6059 epistola
608 5985 645 6046 ad
659 5987 775 6046 Silvium
789 5985 984 6046 Antonianum
1058 6009 1071 6038 i
1092 5985 1250 6058 mutavisse
1268 5985 1396 6046 arbitrer.
1412 6009 1426 6036 ι
