4804 6692
831 443 1149 522 incitantium
1815 444 1898 518 LVll

105 587 325 686 sorethicam
347 599 581 680 divisionem
606 625 790 678 versuum
811 599 854 678 in
873 599 1033 678 Psalmis
1055 595 1230 678 eamdem
1254 623 1337 676 esse
1356 623 1402 675 ac
1418 595 1505 691 illa,
1526 621 1646 702 quam
1671 609 1898 700 sequuntur

106 727 285 836 Vulgatae
312 709 508 805 editiones
530 725 685 804 Veteris
713 742 752 803 et
779 725 882 803 Novi
903 724 1165 818 Testamenti,
1190 721 1364 824 numeris
1392 747 1535 827 nempe
1562 717 1760 798 adnotatis
1787 719 1897 796 iuxta

104 850 324 932 methodum
350 850 516 930 Roberti
543 847 758 956 Stephani;
789 867 829 928 et
856 864 1032 942 tantum,
1060 849 1188 954 spatio
1216 847 1444 939 interiecto,
1474 844 1590 924 innui
1619 844 1762 951 passim
1791 842 1897 922 illam

103 977 207 1056 aliam
233 974 488 1071 divisionem,
511 1002 614 1082 quae
635 972 878 1081 psalmodiae
899 971 1089 1054 convenit
1115 969 1165 1052 ad
1195 971 1346 1050 romani
1373 997 1442 1048 seu
1466 968 1665 1074 gallicani,
1688 965 1800 1074 quod
1828 995 1897 1046 2ο-

104 1118 204 1194 cant,
230 1099 408 1178 Psalterii
437 1100 644 1178 rationem.
674 1099 797 1178 Hanc
816 1100 936 1206 igitur
963 1099 1081 1205 elegit
1107 1095 1242 1176 Sixtus
1270 1094 1587 1192 distinctionem,
1615 1090 1897 1198 versiculisque

104 1249 222 1304 sacrae
249 1220 491 1328 psalmodiae
518 1229 708 1301 numeros
735 1220 999 1329 apponendos
1024 1239 1163 1300 contra
1188 1221 1489 1330 stephanianam
1512 1218 1706 1298 rationem
1729 1217 1895 1296 curavit.

104 1349 168 1426 Ex.
189 1375 247 1452 gr.
269 1347 321 1425 sit
339 1346 478 1452 psalmi
498 1346 703 1426 XXXVll.
728 1347 870 1452 (nobis
887 1345 1102 1449 XXXVI.)
1121 1373 1256 1426 versus
1281 1347 1320 1426 6.
1344 1345 1415 1454 qni
1439 1344 1482 1422 in
1505 1343 1692 1422 omnibus
1715 1341 1797 1422 sere
1815 1339 1898 1420 edi-

103 1471 270 1550 tionibus
292 1471 435 1577 incipit
452 1469 503 1548 ab
522 1473 576 1549 Et
594 1470 730 1550 educet
747 1470 1049 1578 querularum,
1074 1468 1219 1550 desinit
1240 1469 1283 1548 in
1306 1485 1344 1546 ct
1366 1496 1438 1548 osu
1460 1495 1551 1546 eum
1561 1525 1574 1562 ‚
1598 1465 1700 1546 sicut
1726 1465 1766 1544 in
1785 1480 1896 1544 textu

103 1593 294 1674 hebraico.
321 1595 447 1674 Porro
474 1593 561 1674 bini
588 1622 723 1673 versus
749 1595 809 1688 24.
838 1595 897 1674 15.
921 1593 1061 1700 psalmi
1083 1593 1260 1674 eiusdem
1287 1619 1339 1672 ex
1366 1593 1487 1672 unico
1514 1617 1683 1670 numero
1709 1590 1898 1686 241022-

103 1717 236 1796 niensis
268 1717 515 1823 aliarumque
547 1718 802 1821 antiquarum
835 1715 1056 1797 editionum
1085 1717 1198 1796 Sixto
1229 1717 1537 1798 resultaverunt.
1569 1717 1619 1794 Et
1648 1715 1797 1822 pariter
1829 1741 1896 1794 2ο.

102 1857 219 1920 2122.
240 1839 408 1920 sixtinae
431 1839 634 1936 editionis,
660 1857 754 1920 sunt
782 1849 903 1947 19.'et
927 1869 992 1921 20.
1019 1842 1276 1948 antiquarum
1303 1841 1438 1936 editt..
1458 1842 1537 1920 hoc
1560 1867 1644 1918 uno
1667 1845 1797 1918 tamen
1820 1837 1905 1917 dis:

103 1964 255 2042 crimine
275 1963 387 2071 quod
406 1965 500 2042 olim
520 1993 543 2044 a
561 1964 685 2044 verbo
703 1966 1002 2044 saturabuntur
1016 1965 1297 2046 absolvebatur
1325 1996 1387 2075 ¹9·
1398 2025 1409 2062 ,
1437 1993 1573 2046 verum
1594 1966 1635 2044 in
1655 1963 1800 2044 sixtina
1822 1960 1900 2041 edi·

101 2087 199 2170 tione
216 2114 239 2166 a
257 2087 381 2166 verbo
395 2088 588 2194 peribunt
607 2087 805 2168 clauditur
823 2117 863 2168 2.
883 2118 947 2170 20.
969 2089 1149 2170 Tandem
1170 2092 1235 2172 28.
1258 2093 1300 2170 12
1318 2092 1513 2199 antiquis,
1535 2090 1653 2170 binos
1673 2117 1739 2196 29.
1757 2113 1900 2194 nempe

102 2228 135 2290 et
151 2212 214 2290 30.
236 2213 404 2293 sixtinae
429 2212 617 2293 editionis
640 2215 958 2322 comprehendit.
985 2215 1182 2315 Quocirca
1209 2215 1497 2296 versiculorum
1521 2241 1715 2294 numerus
1736 2212 1900 2292 huiusce

101 2335 229 2441 psalmi
252 2334 415 2416 duobus
439 2338 649 2434 excrescit;
670 2338 871 2418 habentur
896 2338 1042 2418 seilicet
1064 2338 1173 2444 epud
1193 2339 1348 2418 Sixtum
1370 2340 1437 2435 42.
1460 2365 1585 2446 quum
1608 2337 1704 2416 alibi
1722 2336 1790 2431 40.
1812 2351 1900 2414 122-

101 2475 177 2538 tum
203 2476 491 2567 supputentur.
514 2459 724 2542 Contraria
747 2463 919 2556 ratione,
941 2463 982 2540 in
1008 2462 1153 2543 eisdem
1177 2464 1332 2542 sixtinis
1354 2461 1493 2544 Bibliis
1514 2463 1818 2566 coniunguntur
1840 2459 1901 2538 in-

102 2581 248 2662 terdum
279 2583 480 2679 versiculi,
507 2585 578 2692 qni
607 2586 700 2666 olim
729 2585 1074 2693 disiungebantur.
1106 2589 1299 2696 Exemplo
1327 2589 1377 2670 sit
1402 2591 1491 2694 cap.
1518 2586 1647 2665 XXll.
1677 2582 1897 2678 Proverb.;

103 2705 152 2784 ibi
176 2735 352 2814 namque
380 2735 481 2788 vers.
504 2735 570 2788 20.
590 2709 763 2790 sixtinae
790 2709 976 2790 editionis
1003 2711 1152 2792 coaluit
1175 2715 1229 2792 'ex
1252 2739 1319 2793 20.
1340 2730 1380 2794 et
1406 2740 1471 2794 22.
1493 2711 1734 2792 lovaniensis
1761 2709 1901 2790 editio-

102 2832 173 2928 nis,
192 2833 333 2939 sicque
353 2859 420 2913 22.
440 2859 492 2912 ex
511 2861 575 2912 22.
600 2851 640 2913 et
664 2835 736 2932 233
758 2851 880 2942 atque
903 2861 969 2916 22.
991 2861 1043 2914 ex
1065 2836 1133 2931 24.
1155 2855 1196 2917 et
1219 2839 1290 2935 253
1312 2865 1385 2918 nec
1411 2864 1496 2917 non
1520 2836 1587 2918 23.
1608 2863 1657 2915 ex
1678 2837 1742 2916 26.
1764 2851 1805 2912 ct
1826 2862 1913 2940 273·

103 2983 176 3063 quo
202 2957 247 3036 fit
271 2973 320 3036 ut
344 2958 386 3036 in
406 2958 550 3038 sixtina
573 2957 749 3040 editione
770 2961 895 3040 hocce
917 2977 1038 3068 caput
1059 2961 1240 3041 versibus
1263 2979 1416 3042 tantum
1444 2977 1600 3041 constet
1623 2962 1694 3058 253
1716 2986 1781 3065 29.
1804 2985 1900 3038 2220

103 3079 140 3157 12
167 3081 250 3162 aliis
281 3079 538 3162 editionibus.
573 3081 652 3162 Sed
684 3083 760 3162 iam
790 3112 814 3162 a
844 3083 1088 3192 gregorianis
1121 3085 1413 3166 correctoribus
1448 3084 1582 3164 omnia
1613 3083 1655 3162 in
1687 3081 1902 3189 pristinum

102 3219 256 3300 statum,
288 3205 346 3284 uti
373 3233 495 3313 supra
521 3207 722 3313 tetigimus
749 3209 929 3288 restituta
955 3209 1305 3317 fuere;'iuxtaque
1329 3211 1434 3290 hane
1460 3235 1641 3288 normam
1666 3206 1902 3285 ¹clementina

101 3327 265 3434 perlecta
294 3347 352 3408 est
373 3329 496 3410 editio
521 3332 592 3436 (r).
618 3332 749 3430 Quam
773 3331 935 3439 quidem
963 3332 1179 3414 editionem
1206 3336 1238 3414 si
1266 3363 1357 3414 cum
1379 3334 1447 3414 illa
1469 3333 1570 3414 Sixti
1595 3332 1645 3410 V.
1672 3357 1902 3438 comparare

101 3451 330 3549 institueris,
352 3471 392 3534 et
419 3456 626 3561 contingat
652 3459 812 3565 saepius
836 3487 1046 3540 numerum
1075 3487 1260 3540 versuum
1280 3460 1418 3554 unius,
1440 3485 1607 3538 numero
1634 3456 1795 3536 alteriu's
1818 3481 1903 3532 non

102 3577 357 3683 respondere,
384 3607 479 3660 cave
501 3567 556 3660 ne'
575 3581 727 3662 iudices
744 3611 874 3662 vunam
902 3583 1127 3680 abundare,
1154 3570 1316 3664 alteram
1339 3583 1509 3664 deiicere
1534 3583 1577 3660 in
1604 3581 1738 3660 verbis
1764 3577 1903 3658 editio-

101 3727 202 3801 nem;
225 3720 358 3784 totum
386 3706 491 3784 enim
516 3706 568 3784 ab
590 3707 663 3786 iste
687 3707 842 3788 ratione
864 3725 934 3788 aut
956 3709 1184 3817 separandi,
1210 3725 1278 3789 ant
1306 3705 1576 3813 coniungendi
1603 3732 1738 3785 versus
1757 3701 1902 3782 discri-
1949 3778 1951 3786 ,

101 3851 181 3904 men
203 3827 370 3934 pendet.
394 3827 567 3926 idcirco,
589 3857 673 3938 quo
697 3831 941 3912 manifestius
957 3835 1075 3914 etiam
1094 3835 1418 3940 gregorianorum
1437 3829 1636 3912 industria
1653 3831 1757 3910 circa
1782 3856 1904 3935 quar-

101 3964 176 4027 tum
195 3952 301 4031 illius
320 3951 469 4034 decreti
487 3973 609 4062 capnt
629 3957 851 4037 innoteseat
868 3953 955 4038 loca
974 3958 1170 4037 nonnulla
1190 3957 1368 4038 indicare
1385 3957 1426 4034 in
1446 3956 1578 4035 animo
1596 3971 1677 4049 est,
1695 3955 1804 4060 'quae
1826 3951 1903 4032 sub

101 4069 244 4156 diversa
263 4079 472 4159 notatione
489 4107 565 4186 pro
585 4082 738 4186 singula
758 4082 934 4163 editione
952 4101 1046 4164 sunt
1063 4082 1307 4192 quaerenda.
1334 4083 1409 4162 Ex.
1426 4107 1487 4186 gr.
1504 4107 1615 4160 nunc
1635 4081 1742 4164 Gen.
1760 4077 1811 4172 ll,
1839 4079 1900 4172 24.

101 4198 248 4280 Nomen
280 4230 364 4282 vero
386 4204 586 4309 fluminis
619 4206 739 4284 tertii.
768 4205 810 4286 Si
842 4209 939 4287 haee
967 4208 1089 4288 verba
1120 4210 1163 4288 iu
1191 4206 1367 4288 editione
1395 4206 1542 4286 sixtina
1573 4204 1781 4285 consulere
1811 4203 1904 4308 quis

101 4324 196 4424 vult,
217 4327 449 4435 quaerenda
469 4330 505 4408 ei
525 4331 671 4409 suntll
683 4389 694 4427 ‚
722 4359 807 4430 11.;
831 4331 959 4412 Exod.
981 4361 1091 4413 nunc
1109 4334 1147 4428 Ι,
1181 4335 1240 4412 18.
1267 4331 1429 4437 Quibus
1455 4329 1570 4409 adse
1589 4328 1809 4422 accersitis,
1834 4353 1905 4410 rex

100 4446 170 4542 cit,
201 4451 312 4558 apud
340 4451 441 4532 Sixti
469 4451 684 4534 editionem
718 4471 778 4534 est
805 4461 842 4553 I,
875 4485 935 4540 ιο.
964 4458 1034 4538 ubi
1066 4477 1126 4540 est
1155 4457 1317 4564 Quibus
1344 4456 1543 4537 accersitis
1570 4454 1692 4534 adse
1719 4479 1788 4532 rece
1815 4452 1901 4546 ait,·

101 4571 157 4648 rs.
176 4573 365 4672 XXXIV,
393 4579 457 4658 25.
483 4581 577 4660 Non
606 4579 748 4658 dicant
775 4580 822 4660 in
848 4583 1033 4663 cordibus
1058 4585 1168 4681 suis,
1196 4585 1238 4663 in
1266 4583 1411 4662 sixtina
1438 4579 1612 4660 editione
1640 4577 1904 4658 inveniuntur

99 4693 282 4796 XXXlV,
307 4701 400 4797 28.;
424 4703 615 4782 Proverb.
634 4703 709 4800 Vl,
732 4705 798 4784 30.
821 4707 932 4786 iuxta
951 4708 1225 4788 clementinam
1245 4711 1341 4788 Nou
1357 4705 1527 4815 grandis
1545 4720 1602 4782 est
1621 4702 1766 4809 culpo,
1793 4701 1901 4778 iuxta

100 4819 277 4902 sixtinam
302 4840 397 4904 sunt
419 4823 498 4920 Vl,
525 4827 608 4926 13.;
631 4827 771 4908 blatth.
795 4829 833 4926 I,
856 4831 921 4926 24.
947 4833 1159 4942 Exurgeus
1186 4849 1323 4911 autem
1352 4827 1498 4937 Ioseph
1524 4857 1551 4907 a
1568 4854 1731 4922 somno,
1756 4851 1904 4930 quaere

101 4945 201 5049 apud
227 4948 385 5028 Sixtum
407 4951 446 5047 l,
468 4952 560 5048 45.;
582 4951 743 5033 tandem
766 4955 896 5060 Apoc.
918 4984 1027 5037 nunc
1050 4959 1125 5052 lll,
1154 4955 1397 5039 rosceda>
1422 4955 1496 5036 tibi
1522 4979 1646 5032 emere
1672 4967 1772 5047 ete,
1794 4951 1918 5030 inve-·

102 5071 241 5152 nicnda
270 5075 435 5154 suntin
468 5077 612 5156 sixtina
640 5076 815 5159 editione
842 5079 917 5180 Ill,
951 5083 1011 5179 24.

137 5409 143 5420 .
196 5329 235 5392 (ti
255 5328 295 5382 Ex
322 5343 379 5400 quo
403 5337 479 5402 petet
502 5331 704 5390 unicolorem
731 5331 962 5406 distinctionem,
1037 5339 1091 5397 hoe
1110 5355 1211 5411 genere
1228 5339 1356 5413 vulgatis
1376 5337 1476 5396 111121112
1494 5335 1597 5394 inferre
1615 5334 1675 5391 ausi
1694 5339 1771 5390 sunt.
1793 5331 1907 5386 Praeter

100 5421 308 5508 universamque
324 5417 541 5491 interpungendi
559 5422 696 5480 rationem
713 5422 741 5479 in
758 5423 903 5492 hodiernis
919 5428 965 5483 tti-
1036 5429 1097 5486 loca
1110 5430 1289 5502 insuperiori
1302 5437 1368 5486 nota
1384 5427 1516 5495 excitata,
1528 5425 1591 5483 ride
1603 5425 1642 5482 212
1653 5439 1684 5480 22
1698 5437 1769 5496 qnae
1783 5419 1818 5477 ad
1831 5420 1903 5474 Gen.

100 5491 159 5595 1122
180 5510 342 5574 receptam,
367 5507 407 5562 ita
429 5506 555 5578 legitime
578 5511 751 5581 recognitam
775 5512 966 5587 sancitamque
1039 5519 1275 5589 1141211111,
1291 5519 1467 5575 22221222.
1483 5517 1586 5583 xxiv,
1602 5519 1683 5570 teet
1701 5511 1767 5568 aiibi
1787 5503 1906 5578 perscri-

100 5577 151 5640 dtct
168 5601 263 5686 posse,
283 5601 319 5648 ut
335 5594 450 5665 privatis
469 5597 547 5654 iliam
566 5597 698 5656 innotare
713 5608 763 5657 aut
782 5601 896 5660 relicere
917 5619 964 5661 na-
1035 5607 1152 5679 psimus.
1173 5609 1247 5664 Sunt
1264 5617 1357 5665 autem
1374 5615 1402 5664 et
1420 5607 1474 5664 2112
1493 5603 1581 5662 inuita
1598 5602 1633 5660 ad
1651 5595 1905 5672 interpunctionem

101 5667 205 5780 122221.
220 5679 401 5754 Quapropter
420 5684 451 5740 in
474 5687 579 5744 nostris
597 5688 788 5748 notationibus
807 5691 917 5762 quotics
936 5707 967 5748 se
1038 5696 1080 5752 221
1092 5696 1126 5752 ad
1138 5697 1367 5770 orthographiam
1387 5696 1654 5770 pertinentia,quae
1671 5683 1820 5761 siquando
1838 5681 1905 5738 nui·

101 5773 127 5857 tc
142 5763 222 5824 22122
239 5767 347 5828 obtulit
361 5774 472 5831 occasio
486 5777 623 5849 castigare
637 5777 712 5836 band
730 5780 967 5852 pmetermisimus
1039 5785 1095 5842 tius
1111 5788 1245 5843 moscenti
1259 5787 1316 5843 2122
1329 5795 1397 5843 sunt
1408 5785 1597 5858 negleximusr
1609 5787 1732 5838 21122222
1746 5773 1842 5831 necin
1856 5772 1908 5829 mi-

102 5847 208 5913 1122222
225 5861 412 5920 temeritatem
430 5865 479 5939 qni
496 5869 609 5942 proprio
625 5877 714 5928 marte
728 5870 837 5945 aliquid
852 5872 917 5930 novi
936 5871 966 5928 12
1037 5874 1124 5931 nimis
1134 5875 1209 5933 bisce
1219 5874 1301 5934 rebus
1311 5875 1450 5934 aditorum
1460 5873 1606 5933 arbitrium
1617 5867 1735 5945 probare
1745 5879 1908 5938 possumus.

290 5958 375 6034 Tou.
399 5963 425 6034 l.
988 6009 995 6024 ·
1693 5969 1713 6040 t
