4804 6692
487 502 571 576 txx
1233 493 1551 572 rnottuottttnt

487 653 564 733 fuit
581 649 862 732 correctorium
881 648 1040 728 alterius
1059 645 1264 743 editionis,
1284 644 1324 726 id
1344 643 1456 755 quod
1475 643 1693 753 probamus
1710 672 1760 726 ex
1778 645 1960 753 sequenti
1978 645 2198 728 certissimo
2216 675 2296 730 rno-

488 792 694 857 nnmento.
718 775 829 854 Inter
851 771 981 854 editos
999 770 1124 852 libros
1147 770 1411 852 bibliothecae
1433 771 1638 850 vaticanae
1655 770 1859 877 exemplar
1873 785 1984 851 extat
2005 797 2211 851 sacrorum
2233 771 2296 854 Bi·

486 899 660 979 bliorum
680 926 747 977 an.
775 897 889 1005 1593.
913 895 1033 1004 (olim
1057 896 1099 975 in
1121 895 1364 976 bibliotheca
1385 897 1459 974 ΡΡ.
1481 894 1737 974 minimorum
1760 909 1982 976 conventus
2001 891 2070 974 SS.
2094 893 2296 977 Trinitatis

486 1024 531 1102 in
556 1039 692 1102 monte
716 1022 881 1126 Pinnio)
903 1021 1020 1101 cuins
1045 1020 1162 1101 initio
1187 1019 1332 1100 scheda
1359 1019 1632 1125 manuscripta
1656 1017 1776 1100 affixa
1798 1034 1857 1098 est
1883 1013 2134 1096 huiusmodi:
2157 1021 2296 1100 «Cum

490 1179 511 1220 a
533 1146 577 1224 in
604 1145 710 1225 hanc
735 1145 955 1226 Bibliorum
983 1142 1198 1224 editionem
1227 1171 1382 1223 errores
1413 1143 1693 1250 irrepsissent,
1721 1158 1836 1248 pater
1865 1141 2102 1222 Franciscus
2132 1141 2296 1222 Toletus

492 1269 645 1346 »iussu
664 1267 878 1348 Clementis
895 1266 1004 1345 VIII.
1025 1266 1066 1344 in
1089 1266 1167 1345 hoc
1189 1266 1405 1373 exemplari
1427 1267 1621 1360 correxit,
1647 1292 1849 1372 excoque
1873 1279 2011 1371 postea
2034 1267 2296 1373 typographi-

492 1424 513 1468 s
534 1419 620 1472 carn
639 1389 954 1470 emendationem
971 1406 1137 1470 curante
1155 1389 1304 1496 Angelo
1323 1389 1481 1468 Roccha
1500 1387 1651 1495 prodiit
1670 1387 1791 1470 editio
1811 1389 1909 1468 anni
1933 1388 2048 1494 1598.
2064 1387 2169 1472 in-8.
2190 1415 2296 1496 quae

493 1514 712 1596 »omnium
737 1512 979 1594 adcuratior.
1007 1515 1202 1594 Constant
1229 1515 1326 1592 haec
1351 1540 1402 1592 ex
1425 1513 1675 1618 autographo
1703 1516 1831 1620 Papae
1859 1509 2070 1606 mandato,
2098 1510 2212 1616 quod
2240 1513 2296 1591 vi·

495 1672 513 1715 a
536 1637 630 1718 dere
657 1655 716 1717 est
742 1655 916 1718 extrema
944 1638 1101 1745 pagina.
1132 1639 1181 1716 Et
1207 1665 1301 1717 sanc
1330 1638 1406 1716 hoc
1431 1636 1633 1743 exemplar
1657 1632 1708 1715 ad
1735 1635 1990 1716 rocchenscm
2013 1633 2296 1716 bibliothecam

493 1761 732 1869 »pertinuit
753 1794 772 1836 a
793 1761 990 1867 (intellige
1013 1761 1204 1868 privatam
1233 1759 1408 1842 eiusdem
1433 1760 1616 1841 doctrina
1643 1760 1881 1867 praestantis
1906 1759 1984 1840 viri
2009 1758 2205 1838 librorum
2232 1787 2296 1838 su-

490 1885 750 1993 pellectilem,
779 1913 862 1964 non
891 1885 1173 1964 bibliothecam
1200 1885 1415 1990 angelicam
1442 1886 1485 1964 in
1511 1884 1717 1991 publicum
1745 1881 2015 1963 studiosorum
2043 1880 2295 1962 commodum

491 2026 630 2117 postea
648 2007 897 2088 destinatam.
914 2007 1129 2108 Quomodo
1148 2037 1271 2117 porro
1292 2010 1400 2088 illinc
1417 2007 1470 2087 ad
1488 2025 1664 2088 montem
1677 2007 1871 2101 Pincium,
1885 2004 2033 2086 exinde
2049 2032 2146 2086 vero
2164 2004 2217 2086 ad
2235 2033 2296 2086 va·

490 2134 665 2213 ticenum
684 2134 972 2239 transmigrarit
990 2133 1190 2239 exemplar
1212 2131 1364 2238 dequo
1384 2130 1555 2238 agimus,
1578 2158 1662 2210 non
1681 2129 1846 2237 liquet).
1869 2129 2024 2208 Literae
2042 2127 2296 2235 Apostolieae

491 2273 585 2336 sunt
603 2256 845 2349 huiusmodi,
865 2259 907 2334 in
925 2257 1075 2364 quibus
1094 2254 1313 2336 dolendum
1331 2271 1390 2334 cst
1408 2253 1625 2335 desiderari
1645 2253 1888 2333 notationem
1907 2251 1986 2332 diei
2005 2267 2045 2332 ct
2061 2251 2172 2332 anni.
2187 2253 2296 2332 Eius-

492 2379 583 2460 dem
604 2408 727 2487 porro
750 2379 916 2460 schedae
938 2379 1205 2488 inspiciendae
1227 2394 1268 2458 ct
1290 2374 1576 2458 describendae
1600 2390 1833 2483 potestatem
1855 2373 1949 2454 fecit
1966 2374 2028 2454 vir
2045 2373 2095 2454 cl.
2117 2373 2295 2480 Angelus

492 2503 570 2584 Mai
597 2504 739 2585 Custos
766 2503 1031 2584 bibliothecae
1058 2504 1283 2595 vaticanae,
1311 2501 1400 2600 cui,
1426 2500 1487 2580 vel
1514 2526 1564 2578 ex
1591 2500 1670 2578 hoc
1696 2496 1879 2594 nomine,
1904 2497 2121 2606 plurimum
2146 2496 2293 2580 debeo.

1167 2699 1351 2778 Cnnunas
1378 2697 1483 2778 Piri
1511 2697 1620 2775 VIII.

492 2878 617 2957 Hanc
641 2877 869 2959 Bibliorum
892 2880 1106 2960 editionem
1130 2880 1250 2960 iuxta
1273 2877 1550 2958 correctionem
1569 2907 1596 2956 a
1618 2875 1931 2984 Congragatione
1952 2875 2008 2982 (r)
2027 2875 2291 2984 praestitum,

597 3002 910 3108 imprimendam
941 3001 1214 3082 mandamus:
1238 3019 1276 3080 et
1302 3000 1455 3080 iudicio
1478 3029 1525 3108 p.
1546 3000 1758 3079 Francisci
1786 2999 1918 3082 Toicti
1942 3028 1964 3079 e
1987 2999 2175 3079 socictate
2201 3003 2298 3080 Iesu

598 3125 906 3220 committimur,
929 3126 1045 3233 eique
1067 3144 1246 3204 nostrum
1270 3125 1348 3203 hac
1372 3124 1417 3202 in
1443 3151 1483 3202 re
1504 3122 1783 3202 auctoritatem
1807 3122 2088 3231 impertimur:
2110 3123 2298 3202 emendo·

601 3246 752 3326 tionem
779 3275 861 3326 rem
885 3249 1215 3356 typographicam
1235 3249 1389 3353 fratris
1411 3248 1565 3356 Angeli
1586 3245 1828 3327 lincoliensis
1850 3245 2140 3355 uragustiniuni
2162 3274 2190 3326 a
2220 3247 2299 3327 Cu-

600 3369 753 3452 merino
776 3371 980 3479 fidelitati
1004 3388 1043 3452 et
1067 3373 1296 3453 industriae
1322 3372 1633 3452 demandamus.

1554 3550 1740 3642 Cnaunns
1767 3549 1872 3628 Para
1898 3547 2008 3626 VIII.

602 3727 890 3838 Apographum
910 3733 1049 3830 huius,
1071 3762 1212 3831 manu,
1234 3751 1280 3813 ut
1297 3733 1475 3831 videtur,
1497 3732 1637 3840 Angeli
1660 3734 1835 3829 Iloccae,
1856 3733 2002 3838 legitur
2024 3729 2139 3812 initio
2163 3757 2295 3812 enem-

493 3848 615 3956 pIaris
638 3849 861 3934 Bibliorum
883 3856 927 3935 in
951 3856 1022 3936 fol.
1043 3861 1138 3938 anni
1162 3860 1277 3966 1592.
1298 3858 1341 3936 in
1361 3856 1603 3937 bibliotheca
1623 3856 1820 3962 angelica,
1840 3855 1912 3936 ubi
1931 3871 2027 3936 nota
2045 3853 2124 3934 diei
2143 3871 2183 3936 et
2201 3855 2300 3934 anni

494 3974 644 4079 pariter
661 3974 786 4056 deest.
808 3978 876 4058 III.
895 3980 1000 4060 Hinc
1017 3980 1265 4088 probabilius
1283 3983 1439 4061 Roccae
1458 3979 1627 4060 debetur
1644 3979 1804 4060 tertium
1823 3979 2125 4075 correctorium,
2146 3977 2302 4085 quippe

494 4098 657 4178 nonnisi
683 4127 789 4182 anno
807 4101 973 4184 MDCV.
993 4104 1204 4213 episcopus
1231 4107 1464 4211 tagastensis
1482 4106 1744 4211 inauguratus
1766 4117 1826 4184 est
1849 4103 1928 4210 (a);
1954 4102 2211 4216 totoque'illo
2232 4099 2304 4181 de·

494 4221 640 4301 nennio
663 4223 706 4301 in
731 4225 949 4334 apostolico
972 4229 1119 4334 palatio
1143 4245 1201 4308 est
1224 4246 1415 4308 versatus.
1441 4229 1627 4310 Ceterum
1651 4229 1727 4307 hac
1752 4228 2018 4309 correctiones
2039 4225 2184 4334 partim
2207 4242 2303 4303 sunt

494 4369 587 4424 vere
613 4352 944 4457 typographicae,
970 4352 1011 4431 id
1039 4371 1099 4432 cst
1125 4352 1341 4432 lectionum
1369 4369 1547 4432 veterum
1571 4353 1611 4431 in
1635 4351 1782 4432 sixtina
1808 4348 1984 4432 editione
2010 4351 2087 4430 iarn
2111 4378 2136 4430 a
2162 4375 2303 4456 grego·

494 4465 616 4546 rianis
634 4467 908 4551 damnatarum
919 4503 929 4573 ;
952 4475 1096 4582 partim
1116 4477 1232 4555 etiam
1252 4492 1447 4572 recentes,
1469 4504 1491 4555 a
1510 4474 1647 4555 codice
1665 4476 1814 4555 scilicet
1832 4475 2029 4556 carafiano
2049 4472 2300 4582 desumptae,

495 4618 595 4696 quas
624 4621 756 4701 neque
787 4597 1173 4707 gregoriani'ueque
1200 4597 1456 4697 clementinae
1479 4599 1630 4706 prioris
1657 4595 1830 4678 editores
1860 4615 2114 4678 curaverant.
2144 4601 2189 4676 In
2218 4624 2303 4704 quo

494 4730 627 4795 tamen
651 4719 782 4798 minus
805 4737 920 4799 caute
942 4749 983 4802 se
1006 4724 1124 4827 gessit
1148 4721 1385 4829 Bulrentop,
1407 4722 1484 4830 qui
1505 4751 1595 4800 cum
1619 4722 1662 4800 in
1685 4721 1869 4830 superius
1891 4721 2011 4801 citato
2033 4720 2137 4800 libro
2156 4718 2303 4800 discre-

493 4839 845 4958 panteslcetiones
869 4847 1070 4928 universas
1091 4847 1259 4927 sixtinae
1284 4839 1479 4958 editionis
1491 4874 1580 4924 cum
1605 4845 1842 4926 clementina
1865 4861 2116 4956 comparatae
2138 4871 2304 4952 conges-

495 4963 933 5061 sisset„correctorium
952 4998 1036 5049 non
1056 4972 1260 5051 consuluit
1277 4969 1447 5050 duarum
1473 4970 1609 5050 saltem
1632 4968 1812 5075 priorum
1833 4967 2073 5065 editionum,
2095 4966 2210 5076 quod
2234 4996 2304 5076 pe·

496 5114 566 5165 nes
592 5105 818 5187 enm‘erat,
846 5093 1183 5202 quemadmodum
1210 5123 1256 5174 ex
1287 5094 1401 5175 dictis
1428 5110 1561 5202 patet;
1590 5119 1714 5202 quare
1741 5091 1995 5190 factumest,
2021 5108 2066 5172 ut
2092 5093 2304 5199 aliquotIes

496 5206 706 5296 discrimen
728 5215 778 5296 sit
802 5216 991 5298 mendum
1014 5217 1290 5303 tantummodo
1315 5218 1648 5327 typographicam
1670 5215 1949 5314 clementinae,
1972 5244 2099 5325 quum
2121 5215 2303 5323 alioquin

496 5421 602 5482 cuum
615 5423 704 5496 posito
715 5427 894 5486 reticeantur.
908 5430 1051 5489 Nonnulla
1065 5438 1157 5488 umen
1174 5437 1242 5488 sunt
1257 5430 1286 5487 in
1300 5430 1365 5503 qui·
1542 5434 1580 5498 (t)
1597 5433 1651 5490 Pro
1670 5448 1691 5490 a
1712 5431 1960 5504 concrepatione,
1977 5427 2065 5486 altera
2083 5441 2185 5486 manus
2204 5442 2303 5500 snper·

492 5509 549 5582 bus
565 5512 725 5570 vaticanum
741 5519 938 5575 correctorium
952 5519 1061 5576 editum
1075 5535 1151 5576 anno
1165 5521 1360 5590 tinxcvttt,
1431 5521 1581 5594 scripserat
1598 5539 1619 5578 u
1635 5521 1763 5579 Cosedia
1782 5516 2050 5592 educatumque
2068 5517 2221 5593 pmdentcr
2240 5532 2303 5578 mor

492 5599 531 5660 de
550 5617 606 5675 qno
626 5601 752 5676 loquitur
770 5607 969 5678 Ungareilins,
988 5608 1024 5666 ah
1043 5607 1286 5666 emendationibus
1305 5613 1364 5666 An·
1435 5609 1558 5670 deletum
1577 5609 1642 5670 tuti.
1661 5610 1867 5668 Correctioncm
1888 5609 1965 5668 enirn
1983 5606 2160 5680 praestiterat
2178 5606 2302 5678 Congre-

390 5697 392 5700 ·
488 5688 552 5761 gali
573 5691 684 5748 Itoccae
706 5693 1092 5768 reccdi13quernadmodum
1114 5695 1365 5758 demonstravimus
1435 5702 1512 5774 gatto
1529 5699 1566 5758 ab
1585 5701 1645 5774 ipso
1663 5697 1795 5773 pontitice
1813 5695 2040 5769 destinata,non
2057 5712 2122 5756 vcro
2132 5696 2304 5756 Concilium.

490 5777 534 5842 ad
552 5779 625 5841 Gan.
639 5783 728 5855 XXI,
743 5791 786 5855 t.,
803 5802 860 5859 quo
880 5787 942 5846 loco
963 5787 1126 5846 mendosam
1146 5803 1206 5846 esse
1221 5787 1369 5848 clementi·
1546 5794 1584 5858 (t)
1600 5788 1645 5848 ci.
1663 5790 1800 5859 Niceron,
1819 5791 1974 5848 Memotres
1986 5803 2064 5860 pour
2084 5790 2181 5846 servir
2201 5804 2222 5844 o
2237 5788 2302 5846 tnt-

495 5882 564 5926 naur
582 5871 732 5932 lectionem
748 5877 841 5934 Itocca
862 5892 1008 5952 perperam
1026 5875 1221 5939 contendebat.
1434 5882 1524 5941 stoue
1539 5880 1590 5938 det
1607 5877 1736 5960 Mmrnes
1751 5877 1895 5950 illustres,
1914 5886 1984 5938 tom.
2004 5877 2089 5946 xiil,
2108 5892 2138 5950 p.
2157 5882 2203 5935 at.
