4804 6692
461 503 590 578 XLlllll
1208 501 1526 579 Pbbittlbtsstlts

461 655 684 764 prinoipem
710 652 927 736 editionem
957 653 999 734 in
1027 653 1122 750 fot,
1148 682 1358 736 numerum
1388 653 1688 762 octogenarium
1712 652 1907 735 excedant
1933 653 2020 735 loca
2040 683 2065 736 a
2088 670 2277 766 typogra-

461 781 555 888 phis
582 797 730 876 errata,
757 777 1095 888 quemadmodum
1117 807 1162 860 ea
1182 781 1378 861 recensita
1404 779 1517 860 fuere
1538 781 1688 860 Romae
1715 780 1756 857 in
1785 777 1961 860 editione
1981 779 2202 860 Bibliorum
2228 779 2274 858 in

458 921 603 1013 quarto
623 904 726 984 min.
748 931 856 983 anno
875 903 1063 985 MDXCV
1065 904 1135 984 111.
1156 905 1231 1011 (r),
1254 903 1357 984 ultra
1376 902 1564 984 mendum
1582 901 1682 982 illud
1701 903 1877 984 solemne
1894 904 2000 983 Gen.
2017 901 2189 983 XXXV.
2207 904 2273 998 8.,

460 1026 530 1106 ubi
561 1027 721 1108 [lebora
748 1028 953 1108 Rebeccae
980 1029 1118 1108 nutrix
1147 1028 1301 1135 sepulta
1329 1027 1478 1110 dicitur
1506 1057 1629 1138 saper
1651 1057 1841 1136 quercum
1869 1046 2009 1109 contra
2038 1026 2157 1108 fidem
2189 1053 2275 1106 non

458 1151 588 1232 solum
607 1152 778 1232 sontium
797 1169 836 1232 et
855 1151 1100 1250 versionum,
1123 1152 1193 1233 scd
1212 1171 1252 1234 et
1271 1155 1634 1261 manuscriptorum
1658 1150 1937 1259 editorumque
1960 1149 2142 1234 codicum
2168 1167 2277 1232 recte

456 1276 594 1355 subter
618 1277 872 1373 habentium,
899 1304 984 1385 quo
1003 1295 1109 1358 certe
1128 1276 1274 1358 mendo
1293 1277 1456 1359 carebat
1473 1277 1617 1357 sixtina
1634 1277 1773 1358 editio.
1801 1278 1851 1356 Et
1877 1278 2068 1357 miramur
2089 1274 2275 1384 proiecto

457 1401 501 1478 in
524 1401 713 1480 omnibus
735 1401 909 1480 romanis
932 1400 1179 1482 editionibus
1207 1429 1334 1511 usque
1355 1402 1406 1484 ad
1434 1431 1584 1484 annum
1607 1401 1933 1483 MDCCLXVlll.
1956 1401 2013 1506 (a)
2035 1398 2134 1479 illud
2158 1425 2276 1508 repe·

456 1524 574 1603 titum
602 1524 743 1622 luisse;
765 1553 897 1632 neque
920 1525 1146 1634 usquedum
1168 1543 1238 1607 aut
1261 1525 1554 1634 deprehensum
1580 1542 1650 1606 aut
1670 1524 1923 1606 emendatum
1946 1526 1989 1604 in
2014 1522 2168 1634 triplici
2190 1551 2274 1602 con

459 1649 623 1728 rectorio
649 1650 878 1729 Bibliorum
907 1650 953 1730 in
980 1669 1124 1759 quarto
1154 1653 1256 1732 min.
1287 1651 1338 1732 de
1366 1651 1517 1759 quibus
1545 1680 1682 1761 supra.
1711 1649 1835 1751 Quod
1863 1651 1896 1730 si
1924 1648 2119 1730 editiones
2146 1648 2271 1746 aliae,

457 1796 564 1880 quae
589 1774 733 1880 passim
761 1772 1098 1854 circumferuntur
1120 1777 1256 1855 subter
1279 1804 1361 1855 noo
1383 1803 1507 1884 super
1529 1774 1689 1883 legunt,
1715 1774 1758 1854 id
1782 1804 1803 1854 a
1827 1772 2087 1883 plantinianis
2108 1771 2273 1852 editori-

456 1895 533 1977 bus
561 1895 822 2006 repetendum
842 1915 922 1994 est,
944 1899 1015 2006 qui
1040 1899 1116 1978 sibi
1138 1915 1394 2007 sumpserunt
1416 1897 1569 2006 aliquid
1592 1927 1616 1979 a
1641 1925 1808 1978 romano
1830 1898 2047 2006 exemplari
2071 1895 2272 1978 diversum

455 2020 500 2100 in
526 2023 607 2101 suis
633 2021 773 2102 Bibliis
800 2022 1019 2132 aliquando
1047 2024 1175 2131 sequi.
1203 2022 1283 2104 Sed
1312 2042 1356 2103 ut
1383 2024 1478 2104 illuc
1499 2021 1636 2103 redeat
1662 2049 1794 2102 sermo
1822 2021 1931 2102 unde
1957 2020 2163 2129 proiectus
2191 2036 2270 2118 est,

456 2173 539 2226 non
562 2144 724 2227 videtur
749 2148 991 2256 typographi
1017 2148 1171 2227 incuria
1193 2165 1325 2243 tanta,
1351 2165 1549 2256 quantum
1572 2148 1600 2226 ii
1623 2162 1860 2241 causantur,
1886 2145 1958 2252 qui
1979 2144 2122 2224 sixtina
2142 2142 2272 2224 Biblia

454 2297 539 2349 non
562 2286 798 2350 tractarunt.
822 2267 1038 2352 Videamus
1056 2271 1178 2379 igitur
1197 2299 1248 2350 an
1273 2271 1513 2350 mutationes
1535 2297 1607 2379 per
1623 2269 1780 2348 Sixtum
1797 2269 1924 2349 iactae
1942 2270 2023 2349 sint
2041 2266 2273 2348 huiusmodi

455 2408 502 2472 ut
528 2410 729 2504 tamquam
751 2423 984 2505 perperam,
1009 2424 1056 2476 ac
1084 2395 1191 2474 male
1216 2394 1344 2475 laetae
1368 2395 1469 2475 iuste
1496 2392 1771 2474 traducantur.
1800 2399 1845 2472 ln
1870 2421 1954 2502 quo
1977 2391 2142 2502 quidem
2168 2393 2273 2473 sicut

454 2515 586 2598 ablata
613 2545 779 2627 quoque
806 2520 974 2600 veniunt
995 2519 1072 2600 sub
1095 2519 1256 2599 nonrine
1280 2517 1459 2598 locorum
1482 2520 1799 2617 immolatorum3
1821 2534 1867 2598 m
1890 2517 1942 2598 de
1964 2517 2042 2597 illis
2068 2517 2182 2626 prius
2210 2513 2273 2595 di·

454 2668 608 2742 camus3
637 2644 834 2723 nonnulla
860 2643 1042 2752 profecto
1069 2642 1351 2724 redundabant
1376 2659 1464 2722 tum
1490 2643 1531 2722 in
1559 2641 1698 2724 Bibliis
1726 2638 1974 2737 Ordinariis,
2002 2641 2160 2722 lumin
2186 2638 2272 2720 edi·

453 2765 633 2846 tionibus
660 2767 945 2874 parisiensibus
972 2783 1059 2846 tum
1083 2768 1124 2846 in
1147 2764 1513 2874 antuerpiensibus,
1539 2766 1655 2874 quod
1676 2765 1777 2847 adeo
1799 2793 1939 2846 verum
1963 2782 2041 2862 est,
2067 2782 2114 2845 ut
2135 2791 2272 2874 neque

451 2907 591 2997 postea
617 2917 640 2970 a
667 2892 964 2972 correctoribus
989 2891 1236 3002 gregorianis
1259 2919 1305 2971 ea
1332 2891 1411 2970 sint
1434 2892 1604 2999 amplius
1631 2906 1807 2998 recepta.
1831 2887 2040 2991 Quaedam
2062 2889 2139 2970 alia
2162 2906 2271 2970 certe

452 3015 583 3093 omisit
608 3013 763 3112 sixtus,
786 3045 890 3125 quae
912 3016 1087 3097 nuncin
1109 3014 1317 3097 hodiernis
1339 3015 1476 3095 Bibliis
1499 3015 1707 3120 leguntur,
1732 3032 1857 3124 prout
1877 3029 1973 3095 sunt
1999 3015 2150 3094 monita
2180 3013 2268 3112 illa,

451 3162 557 3243 quae
583 3137 625 3214 in
648 3135 752 3216 libro
772 3139 934 3233 Esther,
956 3155 1079 3247 alque
1105 3139 1148 3216 in
1176 3138 1254 3218 alio
1274 3136 1449 3218 Danielis
1476 3138 1685 3220 interserta
1712 3139 1917 3220 fuerunta
1939 3168 1972 3218 s.
1996 3139 2267 3246 Hieronymo:

451 3258 521 3340 sed
548 3260 646 3342 haec
670 3261 711 3341 in
736 3261 874 3343 Bibliis
899 3260 1218 3356 lovaniensibus,
1241 3260 1393 3368 quibus
1422 3277 1465 3340 ut
1491 3261 1708 3368 plurimum
1735 3260 1914 3342 adhaesit
1937 3260 2093 3358 Sixtus,
2116 3260 2271 3342 deside-

451 3383 648 3465 rabantur
669 3386 740 3493 (3).
769 3387 809 3468 Si
837 3384 937 3494 quid
961 3414 1087 3495 porro
1114 3384 1299 3483 mutavit,
1321 3383 1363 3465 id
1387 3410 1440 3464 ex
1466 3381 1546 3465 fide
1571 3387 1933 3494 manuscriptorum
1961 3387 2176 3494 praestitit,
2197 3403 2270 3468 aut

450 3505 652 3589 editorum
678 3509 886 3608 codicum,
916 3539 1091 3620 quorum
1120 3508 1311 3589 lectiones
1336 3504 1389 3587 ad
1416 3507 1540 3613 magis
1568 3535 1799 3588 communes
1829 3509 2051 3616 proximius
2078 3507 2270 3592 accedere

460 3812 464 3822 .
560 3763 598 3828 (1)
618 3765 651 3818 10
665 3761 830 3834 quaestione
844 3761 880 3821 de
895 3763 1024 3822 locorum
1042 3776 1162 3821 nomem
1178 3762 1209 3818 in
1225 3758 1328 3834 quibus
1399 3776 1462 3836 pem
1478 3759 1813 3833 cenomanorum
1827 3760 2039 3836 octogenarium
2056 3757 2190 3820 excedere
2206 3759 2269 3818 loca

450 3843 488 3904 eb
507 3845 631 3907 editione
647 3850 750 3910 sixtina
765 3851 902 3910 recedunt
917 3853 1009 3911 biblia
1024 3853 1178 3911 Clementis
1188 3851 1282 3919 vlit,
1297 3856 1326 3907 et
1396 3868 1411 3910 a
1424 3853 1605 3928 typographis
1616 3861 1723 3921 errata,
1736 3850 1974 3926 quemadmodum
1986 3867 2020 3911 ea
2039 3852 2176 3910 recensita
2188 3850 2269 3909 luere

451 3932 486 3992 de
502 3936 650 4010 utriusque
663 3938 796 3999 editionis
811 3941 935 4011 mendis,
953 3941 1092 4000 nonnulla
1106 3939 1142 3998 ab
1158 3936 1324 4012 Ungareilio
1396 3943 1426 4000 in
1445 3943 1569 4001 editione
1586 3942 1712 4001 vaticana
1730 3944 1798 4001 anni
1815 3942 2002 4000 dcxcviii.
2022 3945 2060 3999 st
2075 3956 2140 4000 vero
2156 3941 2187 3998 in
2206 3941 2269 3998 lau·

449 4036 549 4095 parum
572 4035 702 4086 accurate
721 4027 921 4102 proferuntur,
939 4045 1028 4104 quae,
1047 4030 1101 4088 elsi
1121 4027 1240 4088 minoris
1260 4041 1321 4086 mc·
1393 4031 1460 4090 dato
1475 4032 1643 4091 correctorio
1662 4029 1763 4091 menda
1780 4031 1914 4106 principis
1932 4029 2065 4089 editionis
2080 4029 2269 4088 clementinae

450 4111 539 4168 menti
558 4112 721 4186 videantur,
742 4125 837 4176 tamen
855 4136 871 4177 a
890 4120 973 4179 nobis
996 4119 1128 4178 hocloco
1148 4113 1324 4176 emendanda

449 4209 527 4257 sunl.
549 4204 572 4258 i.
591 4205 666 4262 Dicit
684 4205 837 4266 editionem
856 4209 1055 4268 clementinam
1075 4223 1091 4266 a
1110 4208 1212 4265 sixtina
1232 4203 1323 4262 disce·

448 4285 514 4348 dere
532 4292 564 4349 in
581 4292 652 4352 loeis
666 4297 882 4356 bibiCXXXlV.
902 4298 1031 4357 Totidem
1049 4298 1124 4354 enim
1142 4296 1203 4354 loca
1221 4294 1324 4351 immu-

449 4384 506 4436 tata
529 4381 605 4455 apud
627 4385 836 4461 Bubeutopium
861 4397 1052 4448 recensentur.
1076 4392 1115 4444 At
1139 4391 1249 4459 praeter
1267 4397 1320 4452 ea,

447 4483 507 4526 non
525 4486 614 4544 pauca
634 4473 690 4532 alia
710 4485 818 4535 munta
837 4487 919 4544 sunt,
937 4493 1010 4552 quae
1028 4475 1222 4549 Buleptopius
1240 4486 1323 4546 prae·

450 4559 584 4630 termisit;
603 4578 636 4620 ex
654 4563 699 4622 his
718 4563 748 4622 iu
766 4566 828 4624 solo
847 4567 1039 4625 Pentateucho
1058 4566 1158 4624 saltem
1179 4563 1321 4636 quinqua·

448 4647 526 4721 81010
546 4667 561 4709 a
578 4653 661 4712 nobis
677 4655 860 4714 adnotantur.
881 4660 920 4714 Ex
936 4674 992 4732 quo
1010 4655 1180 4715 coniicimus
1195 4653 1246 4710 illa
1261 4650 1323 4708 loca

448 4755 533 4812 prope
552 4749 594 4799 ter
613 4744 692 4802 mille
711 4747 855 4804 numerari
877 4763 967 4820 posse.
988 4749 1025 4805 ll.
1044 4745 1122 4804 Dicit
1144 4743 1244 4802 menda
1264 4739 1323 4799 edi·

447 4829 534 4886 tionis
555 4831 674 4891 sixtinae
695 4837 755 4891 XL.
776 4834 879 4905 luisse;
899 4853 931 4895 ex
948 4836 994 4894 bis
1012 4851 1076 4895 vero
1096 4837 1190 4892 XXX.
1210 4831 1323 4889 circiter

447 4917 484 4975 ab
502 4919 564 4993 ipso
579 4921 655 4980 Sixto
673 4923 781 4994 ablata;
795 4925 871 4984 unde
886 4933 1064 4984 remanerent
1079 4931 1193 4982 tantum
1214 4922 1250 4977 X.
1268 4931 1321 4975 neo

447 5009 542 5066 omnia
563 5027 678 5084 prorsus
694 5021 780 5072 certa.
800 5020 839 5072 At
856 5031 920 5074 rero
938 5014 1133 5090 Bukeutopius
1144 5018 1226 5088 (pag.
1239 5012 1324 5076 467.)

447 5105 556 5169 praeter
576 5100 676 5158 menda
695 5119 711 5160 a
730 5104 807 5161 Sixto
826 5104 918 5162 ablata
937 5104 1005 5174 <ubi
1021 5103 1107 5164 addes
1128 5105 1215 5163 lixod.
1230 5107 1279 5177 lv,
1293 5115 1320 5170 ³.

447 5189 501 5243 lsa.
518 5187 575 5257 iil,
590 5194 634 5248 16.
652 5193 701 5250 all.
712 5198 736 5264 ),
754 5202 902 5253 enumerat
919 5193 995 5253 ultra
1013 5197 1073 5255 XL.
1087 5197 1143 5255 alia
1160 5199 1320 5272 manifesto

447 5280 499 5342 (ut
522 5279 581 5352 ipse
601 5279 659 5350 ait)
679 5283 785 5340 mendo
810 5284 1028 5358 typographica
1049 5285 1137 5344 balas
1156 5289 1319 5362 singularis

443 5369 559 5443 praetr.-
572 5387 604 5430 ex
619 5372 662 5431 his
673 5381 767 5432 nmen
783 5374 863 5447 plura
878 5375 919 5434 rel
935 5391 1078 5450 perperam
1093 5377 1203 5436 mendis
1220 5395 1319 5438 acoen-

444 5468 543 5519 sentur
555 5460 610 5528 (ci.
623 5461 658 5519 ad
672 5462 744 5521 Gen.
757 5465 849 5532 XVll,
863 5470 907 5520 11.
919 5465 1031 5536 xviii,
1044 5471 1090 5524 28.
1103 5468 1187 5524 llum.
1198 5469 1274 5539 Vlil,
1287 5475 1315 5527 1.

445 5552 529 5610 Deut.
542 5552 666 5622 xxxii,
679 5559 725 5608 111.
734 5557 758 5622 1,
769 5561 820 5612 001
832 5553 920 5612 dubia
931 5553 982 5624 (cf.
991 5554 1028 5614 ad
1039 5556 1111 5616 Gen.
1123 5559 1231 5629 XXIX,
1244 5562 1317 5628 21),

445 5647 495 5698 001
516 5640 624 5698 nullius
644 5643 782 5700 monenti
802 5651 871 5701 sunt
890 5649 944 5714 (ut
964 5647 1046 5702 Deut.
1066 5647 1205 5717 xxviii,
1227 5652 1252 5704 1.
1270 5663 1317 5705 co·

444 5730 574 5800 studies,
595 5745 644 5804 pro
667 5733 833 5803 casiodios;
852 5731 912 5790 lob.
932 5735 1045 5803 XXlX,
1070 5739 1113 5790 14.
1133 5734 1316 5806 dammare,

445 5834 496 5891 pro
516 5821 700 5892 diademata·
718 5822 830 5896 aliaque
848 5823 933 5882 huius
953 5824 1093 5898 generis).
1114 5825 1244 5899 Denique
1263 5831 1314 5884 111.

445 5908 627 5983 Ungarellius
651 5912 721 5970 dicit
741 5913 770 5972 io
789 5913 968 5973 clementinis
989 5913 1089 5974 Bibliis
1112 5913 1188 5974 iuxta
1208 5915 1314 5990 princi·

1397 4120 1426 4177 in
1440 4119 1490 4177 101.
1506 4128 1685 4178 recensentur
1700 4127 1812 4178 tautmu
1824 4120 1902 4177 LXi.
1914 4124 1982 4193 (pro
1995 4120 2082 4178 altera
2096 4128 2191 4178 auum
2209 4119 2269 4178 edi·

1396 4209 1472 4267 tione
1487 4209 1657 4266 clementina
1674 4208 1741 4265 anni
1758 4207 1917 4265 biDXClll.
1930 4209 1962 4264 in
1975 4212 2098 4280 onorio,
2113 4223 2268 4266 numeran-

1395 4305 1441 4354 tur
1452 4297 1592 4365 LXXX.)
1606 4295 1681 4354 Alibi
1696 4297 1846 4354 elenchum
1860 4295 1992 4356 dabimus
2007 4296 2176 4356 mendorum
2192 4296 2268 4356 eius·

1394 4385 1458 4445 dem
1480 4387 1615 4461 principis
1636 4386 1788 4458 editionis,
1806 4403 1839 4446 ex
1860 4403 1916 4462 quo
1938 4387 2046 4461 patebit
2070 4397 2160 4446 errata
2185 4397 2267 4464 typo·

1395 4479 1495 4553 graphi
1515 4477 1665 4552 plusquam
1686 4479 1807 4537 ducenta
1827 4493 1896 4535 esse.
1916 4479 1957 4534 Ex
1977 4477 2022 4536 his
2043 4479 2189 4538 manifeste
2206 4479 2266 4536 col·

1393 4568 1494 4641 ligitur
1520 4567 1549 4626 id
1580 4567 1656 4643 quod
1684 4567 1867 4642 ngarellius
1897 4567 1978 4637 vult,
2005 4581 2106 4640 nempe
2133 4569 2266 4626 sixtinam

1395 4660 1564 4730 editionem,
1576 4657 1669 4732 quoad
1689 4657 1915 4716 emendationem
1931 4656 2162 4731 typographicam
2182 4656 2269 4734 longe

1398 4758 1545 4823 praestare.

1502 4845 1539 4908 (2)
1558 4841 1656 4897 Dicere
1670 4839 1812 4897 debuisset
1822 4855 1910 4912 usque
1922 4839 1963 4896 od
1978 4855 2027 4896 on.
2045 4841 2269 4914 MDCCLXV.,·

1394 4931 1431 4988 ci.
1444 4945 1516 5003 quae
1534 4928 1730 4988 adnotavimus
1749 4927 1784 4987 ad
1805 4927 1833 4984 b.
1848 4927 1911 4986 1.οῑ
1929 4927 2000 4984 infra
2020 4927 2056 4984 ad
2074 4931 2099 4996 ς.
2119 4927 2224 4984 XXlV.

1502 5024 1540 5090 (³)
1559 5019 1665 5076 Manita
1685 5017 1736 5076 illa
1755 5033 1827 5090 quae
1844 5017 1873 5074 iu
1892 5015 2035 5074 bodiemis
2051 5015 2151 5074 bibliis
2167 5016 2268 5090 legua-

1395 5119 1443 5169 tur
1460 5109 1560 5180 (Eub.
1580 5110 1624 5180 X,
1647 5115 1672 5166 3.
1695 5109 1752 5180 Xl,
1774 5114 1799 5166 1.
1821 5109 1891 5176 Xli,
1912 5115 1938 5166 6.
1960 5109 2045 5173 11111,
2065 5113 2092 5163 7.
2112 5107 2176 5174 XV,
2196 5115 2219 5164 i.
2238 5114 2265 5168 ³·

1393 5201 1474 5268 xvi,
1494 5207 1519 5256 1.
1533 5200 1608 5256 Dan.
1624 5197 1683 5266 iil,
1703 5205 1748 5256 13.
1764 5203 1810 5255 90.
1825 5199 1896 5268 Xil,
1912 5201 1988 5267 111,
2005 5213 2131 5270 quaeque
2150 5195 2186 5255 ab
2205 5197 2267 5272 ipso
2305 5241 2310 5250 .

1392 5289 1564 5362 Hieronymo
1580 5288 1729 5345 interserta
1747 5286 1895 5358 videntur,
1909 5302 2001 5361 neque
2018 5287 2047 5344 iu
2068 5286 2193 5360 principe
2208 5286 2267 5345 edi·

1390 5380 1467 5437 tione
1491 5378 1644 5436 lovaniensi
1661 5379 1852 5446 1111111111,
1870 5393 1961 5451 neque
1983 5377 2014 5434 in
2033 5376 2148 5450 reliquis
2165 5375 2265 5435 beute-

1388 5467 1483 5528 nianis
1505 5466 1721 5536 desiderantur,
1742 5467 1866 5541 exceptis
1890 5469 1986 5539 paucis
2008 5465 2066 5524 illis
2087 5463 2172 5532 edd,
2192 5481 2267 5540 quae

1390 5567 1453 5632 post
1471 5573 1577 5616 anuum
1597 5559 1761 5616 MDLXXl.
1779 5555 1897 5614 titulum
1920 5556 1949 5612 in
1967 5555 2059 5613 fronte
2077 5563 2181 5629 gerunt
2198 5571 2265 5614 cum

1390 5647 1444 5706 hoc
1459 5647 1653 5706 additamento
1667 5647 1710 5704 od
1725 5647 1921 5704 vetustissimo
1934 5644 2118 5720 00001ρὶ0110
2131 5661 2208 5702 nanc
2221 5660 2267 5703 re·

1389 5754 1455 5796 cars
1472 5741 1639 5810 coelicola,
1654 5742 1816 5808 1100100000
1831 5739 1945 5804 rerba,
1960 5733 1995 5794 de
2009 5735 2114 5809 quibus
2129 5736 2189 5808 agit
2205 5737 2266 5793 Un-

1386 5827 1522 5900 garellius
1541 5824 1577 5883 ad
1595 5829 1621 5894 §.
1636 5825 1727 5880 xvii.
1749 5823 1797 5882 illa
1815 5824 1904 5898 igitur
1928 5825 2033 5884 monita
2053 5825 2083 5882 in
2102 5824 2202 5882 Bibliis
2219 5824 2264 5883 lo·

1386 5916 1567 5976 caniensibus
1586 5913 1682 5974 deesse
1700 5929 1843 5989 perperam
1864 5915 2032 5974 affirmatur.
