4794 6680
841 501 1022 580 cemele
1047 502 1141 580 CAV.
1163 505 1264 584 XXX}
1875 516 1950 590 ttt

165 657 340 728 liminio.
356 652 441 730 cod.
458 653 486 728 G
506 669 596 730 tacet
613 654 722 742 Dm:
742 679 822 730 mox
848 655 932 755 legit
946 681 1024 732 aoso
1149 656 1239 731 lbid.
1262 655 1561 734 llavlrelis--Non
1587 661 1686 760 pauci
1712 661 1812 738 codd.
1842 664 1957 762 legunt

167 772 266 872 cepit.
1100 771 1241 859 Rachel:
1255 774 1334 878 vido
1355 773 1444 848 inira
1463 774 1508 850 od
1527 776 1638 864 XLVI,
1655 777 1714 852 hb.

215 889 276 958 to.
298 886 388 962 Deae
411 885 589 960 mercedem
610 887 850 964 milti—Cod.
867 890 911 977 Τ,
931 889 1024 963 ttvda
1148 886 1236 960 lbid.
1256 887 1663 978 valvameiae-Sixtini,
1680 892 1835 982 coddd,
1851 895 1890 982 C,
1905 895 1950 983 Β,

166 1003 1023 1102 tl,2tt.,1tupertusmttt1tsnmedvv;ttui÷
1098 1000 1139 1088 Β,
1156 1001 1196 1088 G,
1212 1002 1253 1089 ll,
1269 1003 1305 1090 S,
1321 1004 1359 1089 T,
1375 1003 1535 1080 Thomas.
1556 1007 1584 1093 l,
1604 1009 1638 1079 8.
1655 1008 1790 1082 valvam
1806 1009 1912 1086 illiue.
2024 1033 2028 1042 ·

163 1118 281 1194 bertus
299 1116 477 1192 maeotim
496 1117 586 1196 Bene
605 1120 700 1194 mihi.
1149 1119 1208 1191 hl.
1228 1143 1344 1192 norma
1368 1121 1648 1208 eiue-Sixtini,
1668 1122 1769 1196 codd.
1785 1123 1831 1212 A,
1846 1124 1890 1213 C,
1907 1125 1950 1212 I),

213 1231 303 1306 lbid.
324 1259 438 1306 wmctt
455 1233 731 1320 stuc-Sixtini,
748 1234 848 1308 codd.
865 1235 907 1323 Δ,
922 1234 961 1322 G,
976 1234 1019 1324 D,
1097 1229 1139 1318 E,
1155 1231 1194 1318 (i,
1211 1231 1258 1320 fl,
1276 1232 1320 1318 ll,
1336 1232 1373 1320 S,
1389 1235 1427 1320 T,
1442 1233 1481 1322 V,
1497 1218 1584 1310 llibl.
1602 1235 1739 1324 ordin..
1755 1239 1853 1335 neg,
1871 1241 1950 1316 Veo.

164 1347 265 1436 o,1t‚
281 1347 321 1436 Τ,
337 1349 363 1420 V
381 1373 496 1420 mmm
516 1349 631 1436 illiue,-
647 1348 827 1426 daibertus
848 1375 933 1423 curn.
1099 1349 1224 1437 ll'lb,
1241 1347 1299 1422 all.
1314 1375 1431 1424 nance
1450 1350 1555 1426 illive.

211 1463 301 1537 lbid.
321 1463 641 1540 teactae-ttulit
663 1465 765 1540 codd.
781 1482 816 1541 et
839 1465 1021 1566 pleraeque
1147 1464 1205 1536 hh.
1228 1465 1264 1536 in
1280 1465 1620 1561 patriam-codo
1643 1467 1688 1542 ad
1700 1471 1863 1566 patriam.
1883 1472 1955 1546 Six-

162 1577 243 1652 edd.
262 1577 421 1664 Isacltar3
439 1595 475 1654 nt
502 1579 730 1681 Hieronymus
755 1581 822 1668 lll,
843 1583 926 1656 ott.
947 1581 1021 1654 ani·
1098 1579 1362 1666 tue,codd.ll,S
1383 1581 1493 1668 hm,
1508 1580 1704 1680 tibtteg,
1718 1583 1801 1658 llob.
1816 1585 1949 1685 Stepb.,

163 1694 344 1767 madvertit
357 1693 539 1791 legendum
557 1721 634 1770 esse
650 1721 726 1770 cum
743 1695 873 1794 duplici
888 1695 1017 1782 littera:
1096 1693 1237 1780 horam,
1259 1693 1317 1766 all.
1337 1695 1469 1772 addam
1486 1723 1608 1782 meam,
1629 1698 1721 1797 quod
1741 1699 1953 1800 Bulrentopio

163 1807 268 1908 idque
284 1833 446 1908 expresse
460 1824 556 1884 notat
571 1809 647 1884 cod.
661 1809 702 1884 Ο.
719 1811 880 1886 lliramur
896 1811 1019 1884 bucam
1096 1834 1131 1909 p.
1150 1811 1234 1884 388.
1250 1809 1423 1909 probetur.
1438 1811 1481 1886 A:
1502 1811 1637 1886 Toletus
1663 1815 1797 1890 scribit:
1818 1842 1952 1890 annam

163 1923 370 2020 brugensem
387 1923 430 1997 ad
447 1923 634 2020 marginem
650 1924 706 1998 ed.
724 1924 946 2000 benteniauae
963 1923 1020 1996 ad·
1098 1951 1200 1998 onon
1223 1924 1367 2000 habetur
1390 1927 1426 2000 in
1446 1926 1584 2016 ordin,
1599 1946 1633 2002 et
1651 1929 1873 2029 Congregatio
1894 1957 1951 2006 ex·

163 2055 301 2114 notasse
327 2040 413 2114 alios
437 2040 589 2128 codices,
610 2057 695 2119 teste
719 2039 875 2128 babeam
894 2039 1020 2112 addere
1098 2041 1273 2140 spuerit,
1298 2040 1376 2116 licet
1399 2042 1446 2118 sit
1470 2041 1506 2118 in
1532 2041 1722 2143 complut,
1747 2063 1780 2120 et
1804 2047 1885 2148 lieg.
1912 2048 1950 2119 ln

162 2179 242 2230 oum
261 2181 383 2254 gmeoo
402 2157 488 2258 quad
508 2173 557 2231 oet
574 2183 712 2232 merem:
727 2157 792 2232 hoc
811 2157 901 2233 enim
922 2155 1019 2232 addi·
1097 2155 1280 2230 »hebraeo
1306 2172 1418 2232 autem
1440 2169 1474 2232 et
1497 2183 1618 2256 graeco
1643 2159 1765 2256 legitur
1787 2163 1824 2234 ia
1846 2161 1950 2238 locvm

162 2286 349 2344 tomentum
372 2272 508 2347 nonnisi
528 2273 620 2372 apud
639 2297 779 2370 graecos
799 2271 939 2369 legitur:
955 2295 1018 2348 nec
1097 2297 1249 2346 amcam
1269 2273 1424 2346 »Sixtini
1451 2291 1485 2348 et
1509 2275 1700 2372 gregoriani
1727 2276 1803 2350 ideo
1827 2303 1950 2378 prono-

160 2385 253 2460 aliud
268 2387 593 2477 affirmatllabaous,
605 2389 665 2489 qui
679 2389 715 2462 in
729 2388 766 2460 h.
777 2386 802 2460 l.
815 2388 1018 2462 recitetllie
1095 2411 1172 2460 men
1189 2385 1273 2458 illud
1294 2403 1544 2485 expunxerunt,
1561 2389 1643 2488 quia
1662 2389 1696 2464 in
1718 2391 1810 2465 nullo
1828 2392 1949 2490 legitur

160 2503 293 2604 ronymi
304 2503 585 2604 verha,nihilque
594 2521 768 2603 praetereo
776 2503 820 2576 de
832 2528 896 2577 auo
904 2501 1011 2575 addit.
1095 2527 1137 2575 ex
1155 2502 1404 2600 antiquioribus
1425 2503 1611 2578 codicibus.
1633 2505 1752 2580 Mirum
1776 2533 1876 2606 porro
1897 2525 1949 2582 est

210 2621 272 2693 tt.
300 2619 444 2692 Rursum
460 2663 509 2676 -
527 2619 634 2695 Codd.
663 2619 708 2706 G,
731 2619 757 2694 Τ
784 2619 1015 2716 dorsumque:
1092 2615 1257 2712 Angelum
1279 2616 1388 2690 llocca
1407 2616 1431 2689 l.
1448 2642 1479 2691 c.
1496 2619 1645 2692 scribere
1662 2620 1814 2718 potuisse
1833 2621 1868 2694 in
1888 2621 1948 2696 he-

161 2735 242 2808 itom
263 2731 359 2806 hebr.
376 2750 409 2808 et
427 2749 507 2810 vett.
1094 2731 1209 2804 braim
1229 2747 1320 2805 texto
1342 2731 1428 2806 illud
1449 2759 1517 2808 nou
1538 2734 1691 2834 reperiri.

209 2846 299 2922 lbid.
320 2847 644 2947 acccipiens-(lod.
656 2849 695 2938 Β,
712 2849 871 2924 liehanos
886 2875 927 2924 ex
940 2849 1016 2922 ldie·
1143 2849 1202 2918 26.
1225 2861 1260 2919 tv
1284 2849 1373 2922 nosti
1382 2891 1431 2907 *-
1442 2848 1574 2935 Sixtoe,
1589 2849 1664 2923 cod.
1683 2849 1725 2938 tt,
1742 2849 1828 2924 ttibt.
1845 2851 1942 2948 Reg,

161 2989 303 3065 roaymo
322 2967 483 3064 coacepit:
497 2965 578 3038 item
599 2963 696 3040 hebr.
712 2981 747 3039 et
766 2989 921 3064 graecus.
1092 2960 1176 3036 llob.
1203 2961 1344 3061 Stepb.,
1366 2963 1515 3050 hovam,
1537 2962 1595 3036 all.
1621 2979 1657 3038 tv
1682 2990 1758 3038 vero
1784 2967 1881 3039 nosti.
1905 2965 1948 3038 A:

207 3081 270 3154 20.
292 3077 598 3154 Donate-codd.
613 3079 660 3166 A,
680 3079 719 3169 Β,
736 3081 779 3166 C,
800 3081 843 3168 Β,
860 3081 906 3169 Ε,
922 3080 966 3167 G,
981 3082 1012 3167 l,
1093 3105 1226 3152 rursum
1242 3077 1578 3175 sixtini,gregoriani
1592 3095 1627 3152 et
1638 3078 1773 3156 'l'oletus
1786 3080 1830 3154 ad
1845 3080 1945 3154 fidem

158 3197 205 3284 N,
225 3197 253 3270 N
271 3198 310 3286 *,
332 3199 370 3283 P,
390 3197 436 3283 ll,
455 3195 555 3284 8,.Τ,
569 3195 610 3282 V,
629 3195 716 3269 Bibl.
735 3195 878 3286 Ordin.,
897 3196 1012 3294 teugo,
1092 3193 1243 3270 omnium
1268 3192 1498 3292 antiquiorum
1524 3193 1625 3269 codd.
1650 3209 1685 3268 et
1708 3193 1795 3270 bibl.
1820 3193 1941 3273 Ordin.

159 3311 362 3400 Eucherius,
378 3309 574 3400 Guibertns,
590 3309 758 3411 Repertus
773 3313 917 3385 Ditavit.
929 3310 1011 3385 Cod.
1092 3308 1353 3382 confodiendum
1374 3325 1577 3384 censuerunt
1597 3336 1684 3384 vero.

158 3429 186 3500 N
208 3427 343 3502 subdit:
363 3426 540 3513 «Quidam
562 3441 728 3500 corrector
749 3427 785 3499 in
806 3425 922 3501 libello
940 3452 1016 3500 cot·-
1141 3425 1200 3498 2'l.
1221 3424 1277 3498 dit
1292 3423 1544 3512 illi-Sixtini,
1559 3425 1660 3502 codd.
1676 3425 1718 3512 A,
1734 3426 1774 3514 G,
1789 3427 1832 3517 Β,
1847 3429 1888 3518 Β,
1905 3429 1943 3514 G,

158 3567 176 3612 v
193 3541 382 3616 motionum
410 3541 526 3641 posuit
551 3539 692 3626 ditavit,
722 3540 757 3612 in
788 3539 900 3614 biblia
933 3565 1014 3616 vero
1092 3539 1135 3626 ll,
1151 3541 1191 3628 tt,
1207 3541 1245 3629 Τ,
1261 3539 1350 3614 Bibl.
1366 3539 1504 3628 ordin,
1520 3541 1632 3639 Ilugo,
1648 3540 1854 3631 Eucherius,
1870 3544 1947 3618 Goi-

161 3683 279 3733 ssuae
301 3655 520 3732 correctionis
545 3655 686 3740 dotavit,
708 3654 827 3730 delens
846 3656 940 3756 quod
956 3681 1015 3730 te·
1091 3654 1206 3730 bertus
1218 3655 1274 3730 dit
1288 3657 1329 3728 ei.
1343 3653 1474 3744 Codll,
1487 3655 1654 3756 hupertus
1666 3655 1712 3731 Et
1727 3660 1794 3744 ait:
1806 3657 1945 3732 coniun-

162 3799 273 3850 srum
302 3789 394 3860 erat,
416 3797 538 3870 nempe
562 3769 695 3846 ditavit.
714 3769 890 3846 »Verbum
914 3790 1014 3854 urm
1090 3771 1212 3847 ationis
1238 3770 1435 3870 particulam
1458 3771 1677 3871 praemittunt
1696 3770 1810 3860 hebr,
1828 3797 1940 3870 graec.

158 3889 222 3968 hoc
242 3903 373 3962 tantum
390 3887 465 3962 loco
481 3885 629 3963 occurrit
649 3885 685 3958 in
702 3887 740 3958 V.
757 3885 812 3974 Τ.,
827 3912 1014 3987 omnesque
1090 3903 1124 3962 et
1143 3885 1283 3985 reliqui,
1298 3901 1439 3983 excepto
1458 3911 1608 3960 armeno.

159 4003 375 4078 consentiunt
400 4001 593 4098 significare
618 3999 772 4087 domuit,
794 4001 920 4076 dotavit
944 4003 1009 4098 (cl.
1139 4000 1226 4074 lbid.
1249 4003 1329 4098 qvia
1356 3998 1759 4087 demanarit-Sinin,
1778 4001 1878 4078 oodd.
1896 4003 1940 4088 A,

160 4117 282 4194 Gesen.
303 4117 399 4190 Ther.
415 4143 453 4216 p.
476 4119 606 4212 m),
629 4141 692 4190 nec
713 4115 757 4189 ab
785 4116 850 4192 hac
878 4118 1013 4192 notione
1090 4117 1128 4204 C,
1144 4116 1187 4206 Β,
1204 4118 1245 4204 Β,
1262 4115 1300 4203 G,
1318 4115 1361 4202 Η,
1377 4116 1417 4202 Β,
1433 4115 1468 4202 S,
1486 4116 1522 4202 T,
1540 4115 1577 4202 V,
1593 4115 1680 4189 Bibl.
1699 4114 1799 4200 ord..
1815 4115 1945 4190 Euche-

162 4233 260 4331 longe
278 4231 376 4306 abest
391 4229 532 4304 verbum
555 4229 686 4304 ditavit.
1091 4235 1178 4320 rius,
1202 4231 1383 4306 Guibertue
1403 4229 1489 4329 qvod
1515 4230 1733 4316 benedicerit:
1753 4233 1938 4330 Repertus,

206 4348 296 4421 lbid.
315 4373 366 4420 nte
386 4345 650 4420 Deae-Codd
668 4345 712 4434 G,
732 4347 759 4420 N
778 4347 818 4434 ³¹⁵,
838 4346 881 4434 Β,
902 4348 1012 4422 lleha·
1090 4352 1207 4423 Petrus
1226 4347 1320 4422 Com.
1339 4346 1424 4448 qvod
1446 4345 1627 4432 benedicit:
1642 4345 1686 4422 ol.
1703 4346 1867 4422 Sabatier.

160 4489 240 4551 nus,
257 4461 440 4537 euitatus
457 4487 508 4534 mc
528 4463 699 4536 Dominus.
1138 4464 1224 4537 lbid.
1252 4463 1336 4536 milti
1360 4462 1447 4536 Deve
1472 4476 1606 4560 propter
1620 4503 1671 4521 -·
1687 4459 1770 4534 God.
1795 4460 1822 4537 G
1850 4462 1938 4535 Bova

206 4577 295 4651 lbid.
312 4603 427 4651 nonna
441 4575 749 4654 etus-Eucherius
764 4601 878 4652 nornen
895 4579 1009 4666 haiae:
1087 4581 1173 4653 mihi
1186 4605 1261 4679 pro.

157 4693 338 4770 (lutbertus
358 4719 443 4766 evm.
1138 4699 1197 4768 2⁹.
1214 4693 1399 4793 respondit:
1417 4695 1467 4766 Ta
1478 4691 1811 4768 nosti-Eucherius
1827 4695 1857 4766 Τ
1853 4723 1877 4768 v
1888 4721 1943 4770 no·

204 4810 265 4883 21.
279 4811 466 4908 Postquam
474 4812 604 4908 peperit
614 4810 876 4909 filiammamine
889 4812 1011 4885 Dinaea
1087 4813 1147 4896 sti,
1165 4812 1284 4908 inquit.
1303 4807 1420 4883 Cod.l
1442 4809 1537 4882 addit
1556 4811 1759 4895 servitutem,
1777 4810 1869 4909 quod
1890 4827 1942 4884 eet

154 4923 426 5012 -Eucberins,
454 4921 635 5011 liehanos,
664 4923 833 5024 hupertus
863 4927 910 5000 Et
936 4942 1012 5025 post
1087 4928 1227 5027 petitum
1250 4951 1291 4998 ex
1309 4949 1400 4998 vers.
1418 4925 1476 4996 26.
1493 4924 1538 4996 ct.
1555 4925 1705 4998 llolmes.
1727 4925 1801 4998 llox
1821 4923 1896 5000 cod.
1914 4923 1940 4996 Β

158 5041 235 5116 haec
253 5039 319 5136 (al.
334 5041 411 5136 hoc)
425 5042 554 5138 peperit
569 5040 690 5138 filiam,
707 5054 739 5111 et
751 5043 879 5115 vocavit
897 5067 1010 5114 noram
1089 5068 1147 5144 pro
1169 5054 1310 5139 quanta,
1327 5039 1410 5138 legit
1431 5054 1601 5138 qvantvm.

154 5159 224 5228 exite
244 5156 353 5241 Dina;
367 5181 409 5228 ex
429 5155 626 5255 hieronym.
643 5154 666 5228 l.
683 5182 715 5229 c.
1137 5157 1225 5230 lbid.
1253 5153 1511 5256 [verit-Cod
1538 5154 1585 5242 G,
1609 5154 1696 5228 Bihl.
1721 5153 1803 5230 Ven.
1830 5158 1936 5232 illd.

204 5272 263 5348 22.
285 5271 485 5346 Bmordattte
506 5297 691 5370 quoque-
703 5272 826 5346 Codh
847 5273 1010 5347 Recorda-
1089 5275 1214 5359 1180,
1232 5274 1339 5346 Paris.
1356 5273 1480 5356 thot..
1498 5270 1556 5344 ott.
1575 5269 1689 5367 legunt
1705 5272 1788 5370 seit:
1803 5298 1865 5344 nec
1881 5271 1942 5346 ab·

155 5405 206 5461 tva
226 5403 293 5476 vet,·
307 5390 407 5464 codd.
421 5391 460 5478 G,
475 5391 512 5477 S,
528 5391 566 5476 V,
582 5389 669 5463 Bibl.
682 5390 781 5487 fleg,
798 5389 878 5464 Ven.
896 5391 1006 5462 ll‘lh.
1087 5387 1174 5460 ludit
1194 5386 1376 5462 hebraeus.

156 5507 280 5593 ute,
296 5505 356 5580 all.
371 5505 646 5605 Recordatutque.
1136 5505 1196 5576 30.
1216 5506 1359 5576 venirem
1376 5502 1421 5574 ad
1443 5518 1471 5576 te
1483 5503 1742 5602 -Expuuguut
1757 5501 1802 5576 ad
1825 5517 1852 5572 te
1870 5502 1940 5574 six-

203 5620 290 5695 lbid.
315 5621 657 5696 Dominus-codd.
679 5622 729 5709 Β,
750 5623 796 5708 Ν,
816 5619 902 5693 bibl.
924 5621 1005 5716 lieg.
1087 5618 1165 5704 tini,
1182 5618 1281 5692 codd.
1299 5617 1342 5703 h,
1358 5617 1397 5705 B,
1414 5617 1456 5704 C,
1472 5618 1513 5704 D,
1532 5618 1571 5704 Β,
1590 5617 1633 5704 G,
1650 5617 1739 5701 ll‚l.
1760 5618 1813 5702 t..
1832 5616 1876 5702 ll,
1893 5613 1936 5700 0,

156 5735 260 5821 Beue,-
279 5735 359 5810 item
385 5735 500 5824 hehe,
522 5761 665 5834 graccus
689 5753 722 5812 et
747 5736 881 5836 reliqui.
903 5736 1009 5808 lmmo
1086 5731 1517 5839 T‚.eibt.0rdin.,11ugo.
1539 5735 1606 5807 Nec
1631 5733 1768 5808 obstant
1789 5731 1884 5805 hebr.
1907 5747 1940 5804 et

155 5850 259 5924 codex
279 5851 308 5923 ll
329 5851 453 5926 latinos
474 5869 604 5928 vatam
623 5853 669 5926 ito
688 5852 799 5950 legere
820 5867 972 5926 testatur.
1085 5863 1214 5924 veteres
1235 5849 1444 5947 interpretes.

1733 5973 1754 6014 e
