4750 6694
468 487 522 562 XC
1147 478 1392 556 crematus
1416 477 1604 554 blatteus

469 641 567 719 nino
594 639 715 746 igitur
737 665 813 748 pro
839 663 881 716 re
904 636 1042 716 critica
1065 631 1217 714 laudati
1241 632 1400 715 codices
1423 630 1580 712 maximi
1602 629 1721 737 pretii
1744 647 1851 710 sunt.
1876 629 2044 712 Servant
2069 631 2175 712 enim
2197 633 2281 740 pri-

469 791 627 843 scorum
649 760 833 843 codicum
856 760 1064 856 lectiones;
1085 757 1360 840 demonstrant
1378 755 1613 838 mendorum
1637 755 1852 861 originem;
1873 755 2069 863 Vulgatae
2092 754 2285 838 editionis

469 887 600 966 crisim
622 885 822 991 aperiunt.
844 885 938 984 Qua
955 882 998 962 in
1017 910 1060 962 re
1079 883 1331 964 utilissimum
1350 883 1468 963 nobis
1487 881 1562 961 luit
1581 881 1768 978 alterum,
1790 907 1936 988 nempe
1953 879 2044 961 eod.
2066 881 2104 968 N
2110 939 2145 978 .,
2166 882 2282 991 quod

469 1008 643 1088 romanis
670 1035 835 1116 quoque
857 1006 1152 1088 correctoribus
1179 1006 1269 1088 usui
1297 1007 1418 1088 fuisse
1440 1033 1524 1086 non
1548 1004 1796 1104 dubitamus;
1823 1033 1915 1084 nam
1938 1003 1991 1086 ad
2011 1004 2131 1086 Card.
2152 1008 2283 1087 Anto·

468 1134 581 1211 nium
606 1132 746 1238 Carafa
768 1132 1010 1240 pertinebat.
1037 1131 1167 1211 Huius
1191 1159 1315 1240 porro
1342 1131 1529 1212 rarissimi
1552 1131 1793 1211 Correctorii
1817 1131 1984 1210 alterum
2011 1131 2216 1238 exemplar
2236 1132 2283 1212 in

468 1257 537 1336 fot.
560 1257 777 1338 membran.
800 1255 923 1336 seculi
945 1254 1055 1334 XIV.
1078 1283 1209 1364 nuper
1237 1256 1553 1365 comparavimus
1575 1273 1695 1363 atque
1720 1255 1987 1334 bibliothecae
2012 1255 2177 1362 Collegii
2205 1285 2283 1336 no·

468 1383 537 1459 stri
564 1379 808 1460 addidimus:
839 1381 1004 1460 alterum
1032 1380 1172 1460 habuit
1198 1408 1295 1488 prae
1323 1379 1507 1460 manibus
1533 1378 1661 1458 Lucas
1688 1378 1920 1484 Brugensis,
1945 1380 2018 1486 qui
2045 1379 2195 1460 multus
2223 1398 2283 1461 est

466 1505 512 1581 iu
528 1502 703 1583 eiusdem
722 1502 908 1583 laudibus
927 1519 1011 1583 tum
1031 1504 1073 1582 in
1093 1505 1234 1608 Preef.
1256 1503 1314 1583 ad
1332 1503 1578 1598 notationes,
1603 1519 1687 1582 tum
1708 1504 1751 1582 in
1769 1503 1875 1583 notis
1894 1501 1945 1584 ad
1963 1503 2071 1582 Gen.
2093 1503 2210 1603 VIII,
2232 1531 2272 1612 7.

468 1626 520 1706 ad
547 1631 663 1706 Prov.
685 1627 755 1722 IV,
784 1628 867 1722 16.,
888 1646 975 1707 tum
999 1627 1041 1706 in
1066 1631 1207 1731 Prurff.
1233 1627 1446 1706 adoerius
1475 1626 1579 1704 lectt.
1603 1627 1647 1705 in
1670 1628 1823 1734 Evang.
1849 1628 2017 1706 atvero
2040 1626 2161 1707 huius
2183 1627 2283 1710 Cor·

468 1751 626 1830 rectorii
654 1751 881 1831 vaticanum
909 1750 1113 1857 exemplar
1140 1749 1289 1858 duplex
1316 1750 1433 1830 nobis
1460 1752 1772 1830 emolumentum
1795 1751 1943 1830 attulit.
1970 1751 2146 1832 Alterius
2173 1754 2283 1832 enim

467 1876 562 1954 novi
587 1876 820 1955 correctoris
841 1892 974 1972 notas,
996 1902 1044 1954 ex
1064 1874 1232 1953 aliorum
1252 1872 1434 1952 codicum
1453 1871 1666 1953 collatione
1689 1871 1903 1970 derivatas,
1924 1873 2061 1981 paullo
2082 1877 2283 1956 recentior

466 2027 607 2078 manus
634 1999 684 2078 ad
712 1997 889 2080 eiusdem
918 2002 1114 2106 margines
1140 2017 1337 2107 perpetuo
1365 1998 1622 2106 conscripsit;
1647 2026 1746 2105 quas
1772 2025 1847 2078 nos
1873 1996 2121 2105 proferentes
2142 1999 2282 2081 eadem

467 2124 595 2203 littera
617 2123 674 2218 N,
701 2122 837 2204 addito
865 2125 1075 2220 asterisco,
1100 2122 1352 2204 denotamus.

578 2249 639 2328 15.
666 2235 766 2328 Cod.
789 2252 831 2328 P.
861 2246 945 2328 Sub
972 2251 1047 2328 hac
1074 2250 1206 2328 littera
1234 2248 1374 2328 damus
1401 2247 1528 2327 varias
1554 2247 1743 2326 lectiones
1770 2275 1872 2351 quas
1899 2273 1949 2326 en
1976 2246 2183 2329 codicibus
2210 2248 2283 2330 ad-

466 2389 622 2450 notatas
642 2374 861 2478 reperimus
878 2374 920 2451 in
939 2371 1182 2477 marginibus
1200 2371 1440 2467 Bibliorum,
1462 2398 1566 2478 quae
1585 2388 1676 2477 post
1696 2399 1846 2450 annum
1872 2372 1939 2452 151
1952 2399 1987 2450 t.
2009 2372 2167 2480 saepius
2186 2401 2284 2481 pro-

466 2492 630 2574 dierunt
650 2513 735 2575 tum
761 2496 956 2590 Venetiis,
978 2513 1063 2574 tum
1083 2494 1293 2601 Lugduni,
1316 2521 1501 2602 quaeque
1520 2501 1661 2590 revisa,
1687 2513 1877 2590 correcta,
1902 2496 2117 2576 emendata
2134 2495 2282 2577 dicun·

466 2634 532 2695 tur
555 2647 632 2726 per
655 2619 871 2698 Albertum
902 2618 1187 2698 Castellanum
1215 2637 1394 2697 venetum
1422 2620 1577 2698 ordinis
1599 2620 1941 2728 praedicatorum.
1974 2621 2061 2702 Hae
2087 2621 2282 2704 lectiones

465 2765 598 2847 neque
625 2741 770 2820 multae
798 2757 914 2836 sunt,
935 2768 1070 2848 neque
1097 2743 1228 2848 magni
1255 2744 1467 2841 momenti3
1494 2761 1667 2823 attamen
1696 2771 1782 2824 ere
1810 2761 1946 2824 nostra
1973 2745 2098 2824 visum
2125 2762 2187 2825 est
2214 2774 2285 2826 eas

466 2889 631 2972 quoque
658 2891 826 2944 servare.
856 2864 917 2946 Cf.
945 2865 1048 2943 infra
1075 2863 1127 2944 ad
1154 2894 1245 2972 pag.
1272 2866 1433 2946 XCVII.
1458 2894 1569 2944 num.
1602 2870 1664 2962 vla.

578 2988 638 3067 16.
665 2987 765 3069 Cod.
787 2991 840 3088 Q.
867 2989 953 3068 Hac
979 2989 1106 3070 littera
1134 2988 1387 3096 designamus
1408 2988 1563 3070 codices
1585 3018 1636 3070 en
1659 2992 1809 3098 quibus
1833 2992 2032 3072 Robertus
2052 2906 2285 3100 Stephanus

465 3112 508 3189 iu
534 3113 841 3219 praeclarissima
868 3141 938 3193 sua
964 3113 1184 3194 Bibliorum
1211 3114 1386 3195 editione
1411 3143 1508 3194 aunt
1497 3115 1697 3194 MDXL.
1723 3115 1851 3195 varias
1877 3117 2066 3197 lectiones
2092 3118 2279 3224 protulit.

465 3235 556 3316 Illos
582 3236 789 3345 descripsit
806 3237 1060 3345 Stephanus
1050 3268 1090 3316 tn
1110 3239 1374 3346 praefatione,
1396 3265 1564 3317 numero
1585 3239 1744 3343 viginti,
1765 3239 1869 3318 inter
1892 3267 1995 3347 quos
2015 3240 2282 3345 comprehen-

466 3357 524 3439 dit
541 3362 825 3443 correotorium
844 3361 1122 3460 sorbonicum,
1144 3361 1227 3441 duo
1248 3362 1449 3469 psalteria,
1471 3380 1551 3442 tres
1568 3360 1686 3442 codd.
1710 3363 2006 3468 evangeliorum
2024 3379 2065 3444 et
2082 3380 2164 3444 tres
2181 3363 2279 3443 edd.

464 3481 707 3582 Bibliorum;
733 3513 784 3564 ex
812 3485 974 3592 reliquis
1001 3501 1134 3564 autem
1161 3487 1204 3563 in
1233 3486 1502 3566 Pentateucho
1530 3486 1653 3567 ferme
1677 3486 1831 3593 profert
1860 3515 1896 3566 1.
1918 3484 2095 3566 codicem
2122 3515 2155 3566 s.
2176 3487 2283 3568 Ger-

464 3609 571 3688 mani
600 3609 838 3717 oblongum,
871 3638 908 3688 a.
943 3609 1094 3706 latum,
1130 3609 1169 3687 3.
1197 3637 1395 3717 parvum·
1420 3612 1460 3705 ά.
1492 3638 1525 3688 s.
1559 3610 1738 3715 Dionysii
1770 3609 2010 3717 oblongum,
2042 3611 2082 3692 5.
2114 3611 2280 3706 latum,-

466 3733 506 3810 6.
527 3759 560 3810 s.
584 3732 770 3812 Victoris.
798 3733 938 3814 Varias
965 3734 1085 3840 igitur
1111 3735 1301 3814 lectiones
1328 3764 1351 3814 a
1378 3735 1582 3843 Stephano
1610 3763 1659 3814 ex
1687 3734 1750 3812 his
1772 3732 1978 3814 codicibus
2003 3733 2179 3841 prolatas
2204 3761 2283 3814 nos

466 3853 746 3964 distinguimus
772 3857 901 3937 littera
924 3859 975 3957 Q.
1003 3857 1176 3957 Verum,
1199 3857 1334 3966 quoad
1361 3857 1446 3938 fieri
1475 3874 1605 3965 potest
1632 3883 1817 3936 cavemus
1845 3871 1965 3964 atque
1986 3853 2126 3938 sedulo
2153 3855 2282 3937 adno-

466 3997 615 4076 tamus,
637 3981 680 4058 iu
708 3982 958 4085 gravioribus
984 3983 1215 4089 praesertim
1241 3982 1561 4090 quaestionibus,
1581 4008 1631 4060 ue
1658 4008 1764 4060 unus
1784 3979 1972 4088 idemque
1999 3979 2126 4062 codex
2149 4009 2174 4060 a
2195 3981 2283 4062 Ste-

465 4105 623 4211 phano,
645 4133 668 4183 a
695 4103 991 4185 lovaniensibus
1011 4123 1050 4185 et
1068 4135 1090 4186 a
1110 4107 1352 4188 Illartianaeo
1377 4107 1569 4186 excitatus
1592 4133 1669 4214 pro
1693 4104 1822 4185 tribus
1842 4103 2047 4186 codicibus
2067 4105 2279 4186 habeatur.

465 4227 649 4306 Ceterum
677 4226 812 4306 eadem
842 4229 943 4308 ratio
966 4257 1070 4336 quae
1093 4259 1168 4309 nos
1196 4231 1320 4309 movit
1341 4227 1393 4309 ad
1416 4228 1580 4309 ciendos
1603 4229 1760 4309 codices
1783 4229 2093 4328 lovaniensium,
2115 4228 2167 4310 de
2189 4230 2283 4338 qui-

466 4353 543 4432 bus
571 4379 692 4459 supra
719 4351 872 4434 dictum
899 4371 983 4450 est,
1013 4355 1266 4462 stephanicos
1292 4381 1458 4462 quoque
1491 4352 1600 4435 haud
1630 4353 2002 4460 praetermittendos
2028 4381 2114 4436 esse
2141 4356 2278 4437 suasit.

466 4478 566 4557 Nam
594 4495 680 4556 tum
708 4505 780 4585 per
800 4503 842 4557 se
864 4478 1056 4585 praeclari
1080 4496 1174 4558 sunt
1194 4479 1414 4586 optimique
1438 4477 1612 4575 codices,
1635 4495 1720 4558 tum
1744 4505 1767 4558 a
1789 4479 1963 4560 romanis
1984 4479 2284 4560 correctoribus

466 4603 665 4708 inspectos
692 4601 812 4682 fuisse
839 4630 889 4683 ex
916 4603 1024 4683 notis
1050 4603 1180 4684 Toleti
1207 4619 1377 4682 constat.
1408 4603 1550 4712 Neque
1584 4619 1676 4710 post
1708 4603 1976 4685 lovaniensem
2006 4604 2283 4684 recensionem

465 4751 756 4832 supervacanea
783 4724 909 4806 videri
932 4745 1065 4834 potest
1086 4727 1317 4836 stephanica
1341 4725 1477 4806 editi0.
1504 4726 1627 4823 Nam,
1649 4746 1949 4835 praeterquam
1971 4725 2084 4834 quod
2107 4727 2173 4806 illa
2194 4757 2282 4808 non

466 4877 603 4929 omnes
631 4852 841 4931 varietates
863 4881 886 4930 a
908 4851 1113 4960 Stephano
1139 4867 1373 4931 memoratas
1395 4849 1550 4959 prodit,
1572 4852 1694 4934 altera
1718 4853 1761 4932 in
1784 4850 2030 4958 marginibus
2056 4854 2216 4961 saepius
2238 4850 2282 4931 id

467 4975 641 5080 praefert
668 4974 779 5084 quod
809 4976 923 5083 prior
948 4977 992 5056 in
1018 4995 1174 5056 textum
1202 4976 1427 5085 assumpsit.

578 5127 639 5206 ¹7·
664 5099 764 5180 Cod.
787 5102 836 5180 R.
861 5099 1083 5180 Bibliorum
1110 5104 1311 5211 exemplar
1338 5102 1556 5182 membran.
1580 5103 1696 5209 parvi
1724 5100 1898 5198 moduli,
1922 5098 2159 5181 nitidissimo
2186 5102 2283 5182 eha-

466 5241 615 5304 ractere
642 5225 912 5332 conscriptum
940 5227 1072 5306 seculo
1095 5229 1206 5306 XIV.
1220 5289 1231 5325 ,
1253 5230 1295 5308 in
1322 5228 1485 5334 Collegii
1512 5229 1640 5307 nostri
1667 5226 1908 5308 bibliotheca
1936 5224 2201 5306 adservatum.

576 5352 637 5431 18.
664 5348 766 5430 Ccd.
787 5349 828 5428 S.
854 5350 1074 5432 Bibliorum
1094 5350 1185 5431 cod.
1207 5350 1451 5446 membran,
1472 5351 1624 5430 minimi
1653 5349 1824 5447 moduli,
1846 5349 2118 5431 minutissimis
2142 5347 2282 5430 chara·

464 5474 640 5555 cteribus
666 5491 849 5555 exaratus
876 5477 1011 5556 seculo
1037 5476 1170 5574 XIV.;
1197 5492 1323 5555 exstat
1349 5477 1391 5554 in
1418 5475 1663 5556 bibliotheca
1691 5474 1856 5580 Collegii
1883 5472 2025 5554 nostri.

571 5601 657 5680 Hos
683 5599 786 5680 duos
813 5598 970 5681 codices
996 5602 1177 5709 aliosque
1206 5627 1357 5712 paucos
1384 5598 1435 5680 ad
1462 5600 1640 5681 seculum
1668 5597 1757 5678 XII.
1792 5598 1855 5678 vel
1886 5597 1995 5678 Xlll.
2033 5597 2283 5705 pertinentes

465 5723 706 5804 contulimus
733 5751 817 5804 non
837 5751 885 5805 eo
904 5720 1018 5834 quod
1046 5724 1215 5804 multum
1234 5724 1289 5804 eis
1307 5721 1550 5821 deferamus,
1572 5725 1642 5806 sed
1664 5723 1799 5834 potius
1825 5742 1876 5803 ne
1903 5721 2123 5804 cuiuslibet·
2141 5723 2282 5802 aetatis

468 5863 585 5928 testes
611 5846 816 5948 deessent,
845 5877 945 5932 neve
972 5847 1165 5932 editiones
1192 5849 1313 5932 seculi
1341 5849 1430 5932 XV.
1461 5851 1570 5932 omni
1603 5847 1787 5932 codicum
1813 5846 2004 5957 suffragio
2032 5843 2282 5958 quaudoque
