4804 6692
446 531 566 604 xxxii
1191 527 1509 606 Ptolesolteul

447 711 592 790 quam,
619 698 750 764 tamen
776 680 885 760 haud
914 696 1132 788 repugnat,
1157 679 1456 778 Bellarminum,
1483 681 1550 762 cui
1577 681 1796 762 intercessit
1823 709 1914 762 eum
1934 683 2042 766 Luca
2070 682 2257 789 epistola·

445 835 535 885 rum
561 804 841 886 commercium
863 805 967 884 circa
991 803 1185 911 Vulgatae
1206 804 1445 901 editionem,
1467 804 1694 912 praebuisse
1716 805 1811 886 huic
1834 807 2014 886 notitiam
2036 805 2257 888 denatura

445 931 485 1009 e't
506 929 737 1010 conditione
759 929 928 1008 sixtinae
951 929 1211 1009 correctionis
1230 928 1342 1008 iuxta
1362 927 1537 1008 codicem
1562 927 1820 1025 caralianum,
1846 957 1896 1008 ex
1919 958 2003 1036 qua
2027 946 2162 1036 postea
2184 959 2258 1010 no·

445 1055 530 1134 titia
553 1054 767 1134 Deiectum
790 1081 1054 1134 romanarum
1077 1054 1377 1134 Conectioaum
1398 1052 1464 1132 ille
1487 1053 1800 1134 concinnaverit.
1823 1053 2010 1134 Conferte
2029 1055 2258 1161 speciminis

445 1204 564 1258 causa
585 1178 799 1285 Brugensis
820 1195 935 1258 notas
957 1206 1048 1257 cum
1071 1177 1168 1257 locis
1190 1179 1316 1256 nostri
1340 1176 1505 1271 codicis,
1527 1193 1566 1257 et
1588 1178 1817 1285 praesertim
1841 1178 1918 1257 Ios.
1942 1177 2012 1275 IV,
2040 1180 2100 1274 ali.
2122 1177 2253 1256 Levit.

445 1299 520 1398 vl,
553 1303 614 1382 16.
636 1302 758 1381 Marc.
780 1301 833 1397 V,
856 1303 921 1384 35.
943 1300 1107 1408 (1)th.
1137 1303 1342 1381 Postremo
1361 1302 1451 1382 loco
1470 1319 1746 1407 argumentum
1766 1299 1987 1380 extundere
2008 1329 2256 1408 possemuse

445 1425 682 1505 characteris
701 1426 826 1505 forma
836 1486 847 1522 ,
871 1427 902 1505 si
927 1424 1261 1532 quemadmodum
1280 1427 1504 1506 luculenter
1522 1444 1687 1534 apparet
1710 1426 1765 1508 illi
1787 1427 1945 1506 saeculo
1965 1428 2067 1506 bane
2086 1427 2255 1506 omnino

445 1551 680 1645 convenire,
704 1550 758 1627 ita
781 1551 899 1630 etiam
926 1549 1133 1658 scriptoris
1161 1549 1222 1631 vel
1246 1551 1485 1657 scriptorum
1512 1579 1652 1630 manus
1674 1550 1716 1629 in
1740 1551 1874 1657 specie
1896 1577 2178 1656 recognoscere
2206 1549 2254 1628 li·

444 1689 565 1752 ceret.
590 1674 739 1753 Verum
765 1674 965 1780 singulare
992 1676 1034 1753 in
1062 1674 1140 1754 hoc
1166 1692 1226 1755 est
1252 1675 1411 1754 illorum
1439 1691 1664 1782 temporum
1692 1673 1814 1754 fatum
1844 1691 1889 1752 ut
1914 1675 1981 1753 vix
2009 1693 2079 1754 aut
2106 1701 2157 1754 ne
2183 1681 2253 1753 vix

444 1796 607 1901 quidem
632 1799 737 1877 inter
764 1798 1012 1877 characteres
1034 1826 1155 1878 manu
1179 1817 1360 1881 exaratos
1387 1798 1629 1907 distinguere
1657 1800 1799 1880 valeas.
1826 1799 1925 1878 Tam
1953 1817 2011 1878 est
2039 1800 2181 1904 exigua
2209 1801 2252 1878 in

444 1918 521 1998 boc
548 1947 693 2026 genere
720 1921 841 2000 unius
868 1949 1007 2000 manns
1035 1949 1132 2028 prae
1158 1924 1234 2002 alia
1262 1922 1506 2018 differentia,
1530 1941 1722 2029 tantaque
1749 1925 1792 2002 in
1826 1922 2029 2004 literarum
2063 1922 2253 2004 ductibus

444 2044 727 2154 scribendique
755 2044 1001 2152 compendiis
1028 2046 1262 2146 similitudo,
1289 2064 1334 2127 ut
1361 2066 1454 2156 post
1474 2049 1604 2129 varias
1624 2064 1792 2127 tentatas
1819 2074 1842 2124 a
1869 2045 1987 2126 nobis
2010 2047 2093 2128 vias
2119 2046 2253 2128 adhuc

443 2169 583 2246 incerti
613 2169 844 2248 haereamus
868 2197 919 2248 an
943 2170 1040 2248 haec
1068 2197 1209 2250 manus
1235 2173 1286 2250 sit
1311 2171 1353 2251 d.
1379 2173 1519 2269 Laelii,
1546 2170 1766 2250 Cardinalis
1790 2169 1954 2250 Carafae
1978 2171 2175 2280 theologi,
2199 2198 2252 2250 an

442 2319 485 2396 p.
515 2291 679 2396 Agellii,
704 2321 757 2372 an
784 2292 908 2401 ipsius
936 2292 1181 2388 Cardinalis,
1206 2322 1259 2372 an
1286 2294 1488 2375 cuiusdam
1518 2294 1597 2374 alii.
1626 2295 1742 2374 Certe
1769 2292 1866 2372 illud
1895 2309 2059 2400 apparet
2085 2293 2253 2374 manife-

443 2414 631 2512 stissime,
654 2414 767 2523 quod
790 2417 916 2525 prima
940 2443 1080 2496 uranus
1108 2416 1403 2514 emendaverat,
1425 2448 1448 2497 a
1470 2417 1644 2498 secunda
1674 2445 1793 2496 manu
1821 2417 1968 2498 alicubi
1997 2433 2251 2499 retractatum

441 2537 579 2636 fuisse;
607 2568 739 2647 neque
762 2567 927 2648 prorsus
948 2539 1166 2620 diffitemur
1188 2541 1295 2622 istud
1321 2560 1522 2650 praestare
1545 2544 1588 2622 in
1609 2543 1756 2649 palatio
1777 2543 1958 2623 vaticano
1981 2543 2159 2649 potuisse
2183 2559 2252 2623 aut

440 2663 632 2761 Roccam,
659 2682 729 2744 aut
754 2653 1078 2760 Toletum,'cum
1106 2668 1321 2774 utriusque
1344 2669 1416 2746 viri
1442 2669 1708 2773 manuscripta
1732 2665 1901 2746 indubia
1923 2664 2132 2772 diligenter
2154 2693 2252 2748 con·

440 2789 670 2885 tulerimus,
702 2807 839 2869 nostro
872 2817 1038 2896 prorsus
1065 2818 1148 2868 non
1176 2789 1390 2870 dissimilia.
1421 2790 1560 2891 Quid‘l
1588 2789 1701 2897 quod
1728 2792 1852 2898 ipsius
1877 2789 1976 2870 Sixti
2004 2790 2054 2868 V.
2088 2819 2251 2871 manum

439 2914 577 3018 paucis
601 2915 643 2992 in
671 2914 767 2994 locis
787 2914 909 2994 buius
933 2913 1082 2994 codicis
1103 2913 1237 2994 videre
1258 2915 1536 3011 credebamus3
1560 2916 1729 3020 contigit
1752 2943 1924 3022 namque
1948 2941 1997 2993 ex
2021 2914 2099 2994 allo
2125 2915 2251 3026 ipsius

436 3038 481 3115 -in
510 3038 752 3119 bibliotheca
779 3039 954 3145 angelica
982 3039 1131 3147 scripto
1163 3039 1404 3147 peculiarem
1433 3039 1469 3118 ei
1498 3039 1769 3119 characterum
1803 3038 1974 3145 speciem
2005 3036 2252 3120 animadver-

440 3176 544 3256 tere,
571 3181 617 3241 ut
644 3162 843 3269 probabili
872 3163 1007 3243 saltem
1036 3182 1270 3271 argumento
1297 3191 1438 3246 manus
1464 3162 1713 3244 identitatem
1740 3161 2014 3266 colligeremus
2037 3163 2108 3268 (a).

1256 3347 1293 3446 §-
1320 3345 1428 3424 vm.

522 3502 658 3584 Codes
683 3506 919 3611 cerafionus
947 3503 1125 3584 traditur
1147 3504 1268 3586 Sixto
1292 3508 1347 3586 V.
1370 3506 1439 3584 Ab
1466 3505 1600 3585 eodem
1628 3505 1906 3586 examinarer.
1932 3501 2027 3608 Quo
2055 3531 2168 3582 anno

654 3673 655 3676 ¹
720 3629 864 3738 praelo
891 3629 1126 3710 commissae
1140 3630 1310 3736 suerint
1336 3631 1592 3710 correctiones
1620 3629 1715 3710 inde
1742 3645 1961 3736 esceerptoe.

546 3785 661 3867 Circa
687 3789 836 3868 exitum
865 3790 961 3869 anni
988 3789 1332 3887 MDLXXXVlll,
1359 3810 1430 3871 aut
1454 3790 1737 3900 subsequentis
1768 3790 1924 3869 initium
1952 3786 2153 3870 absolutas
2181 3789 2250 3868 ba·

440 3939 504 3990 soe
531 3911 805 4018 castigationes
830 3913 863 3992 si
888 3912 1150 4012 admittimus3
1173 3931 1272 3994 tunc
1299 3916 1447 4011 solum,
1472 3943 1606 4023 neque
1631 3916 1743 4023 prius
1769 3912 1895 3994 codex
1923 3927 2060 3994 noster
2087 3910 2136 3994 ad
2164 3912 2252 3992 Six-

439 4052 525 4115 tum
548 4061 744 4116 summum
767 4037 998 4145 pontificem
1024 4036 1181 4120 delatus
1204 4057 1277 4120 est.
1304 4042 1403 4122 Cum
1428 4041 1534 4120 enim
1561 4041 1739 4120 incertus
1766 4040 1816 4118 sit
1844 4065 1996 4135 annus,
2018 4065 2092 4118 nos
2117 4038 2252 4118 conie-

440 4161 562 4240 cturis
589 4159 630 4240 id
655 4160 765 4268 quod
789 4163 944 4242 veritati
968 4163 1090 4271 magis
1112 4162 1264 4244 accedit
1288 4166 1469 4271 cogimur
1491 4166 1741 4270 investigare.
1769 4161 1937 4242 Micbail
1960 4161 2184 4244 Ghislerius
2208 4163 2249 4240 in

439 4285 596 4393 saepius
623 4285 781 4366 laudata
810 4288 1038 4368 narratione
1070 4290 1250 4370 meminit
1281 4289 1403 4369 huius
1434 4290 1777 4370 circumstantiae:
1802 4321 1821 4364 a
1845 4290 1939 4368 Post
1965 4287 2251 4368 exactissimam

444 4443 463 4482 s
485 4411 500 4516 (
509 4410 588 4515 ait)
612 4411 861 4519 singulorum
883 4412 1064 4493 locorum
1094 4412 1406 4511 discussionem,
1429 4416 1469 4494 in
1499 4443 1581 4522 que
1609 4413 1791 4495 facienda
1815 4413 2002 4494 maximas
2025 4427 2155 4519 partes
2181 4411 2252 4492 ha·

443 4567 462 4608 s
486 4534 629 4632 bebat,
650 4537 967 4645 suggerebatque
994 4565 1034 4646 p.
1059 4539 1234 4645 Agellius
1251 4543 1414 4646 (eoram
1432 4540 1695 4620 illustrissimo
1716 4538 1897 4618 Antonio
1914 4533 2034 4621 Cerd.
2057 4535 2195 4618 Carasa
2208 4538 2248 4638 );

546 4770 584 4835 (t)
601 4767 660 4824 Nec
671 4766 787 4828 aliunde
803 4783 887 4844 quam
900 4785 933 4827 ex
946 4769 1072 4845 epistolis
1086 4769 1248 4830 Bellarmini
1260 4781 1310 4832 aut

440 4853 572 4913 Praefecti
587 4857 729 4916 vaticanae
743 4859 942 4935 typographiae
954 4861 1046 4919 Lucas
1058 4861 1210 4935 Brugensis
1223 4878 1309 4936 agno·

440 4945 509 5003 aisse
521 4945 631 5003 ridetur
641 4955 731 5006 errata
743 4948 875 5007 editionis
889 4949 1075 5009 clementinae
1092 4967 1138 5010 an.
1148 4953 1309 5010 ttoxcltt.

438 5048 511 5105 qnae
529 5033 589 5107 ipae
606 5034 636 5092 in
653 5035 838 5109 plantinianis
855 5036 1027 5097 editionibus
1045 5039 1204 5100 emendavit
1219 5039 1306 5100 Exod.

438 5121 521 5189 lllll,
542 5129 587 5180 26.
605 5125 674 5195 xil,
694 5131 739 5184 ⁴2.
759 5127 847 5184 Lerit.
869 5129 953 5195 Xlx,
973 5134 1000 5186 u.
1021 5129 1108 5187 llum.
1127 5131 1169 5198 ll,
1187 5135 1215 5188 9.
1235 5129 1313 5187 Ruth
1335 5149 1340 5159 ·

439 5215 494 5282 Ill,
510 5218 537 5268 t.
555 5213 620 5286 Sap.
633 5215 730 5285 xvii,
752 5221 792 5272 ll.
812 5213 897 5273 Eccli.
916 5218 996 5287 Vlll,
1014 5223 1057 5276 rs.
1076 5224 1089 5275 l
1110 5217 1204 5276 llacb.
1219 5218 1306 5288 xiil,

439 5307 483 5359 tt.
504 5307 530 5358 ll
547 5303 639 5360 blech.
652 5305 712 5372 xl,
732 5309 771 5362 ts.

544 5395 582 5460 (t)
600 5392 729 5463 Quanam
748 5394 856 5454 ratium
875 5395 904 5452 in
924 5403 1088 5469 potestatem
1108 5404 1232 5456 nostram
1251 5411 1309 5454 ces-

438 5482 506 5538 serit
523 5479 610 5538 codex
636 5481 793 5540 caraflanus
818 5483 860 5541 vix
879 5484 1048 5542 coniecturis
1067 5483 1194 5542 divinare
1213 5499 1310 5558 possu-

438 5585 517 5638 mns3
535 5569 596 5628 eins
611 5570 686 5626 enim
703 5579 807 5629 certam
824 5572 972 5630 historiam
990 5575 1178 5647 nequicquam
1197 5573 1309 5631 inresti-

438 5673 504 5730 gara
521 5658 615 5718 conati
633 5674 741 5718 somus.
762 5661 876 5718 Certum
893 5669 988 5720 umen
1005 5661 1116 5720 videtur
1129 5661 1308 5720 Cardinalem

437 5745 566 5806 llaramn
581 5747 736 5806 homnium
754 5747 937 5819 columnam,
950 5751 998 5823 qut
1013 5758 1076 5823 post
1093 5750 1163 5808 Sixti
1177 5753 1210 5807 v.
1225 5754 1308 5808 Pont.

438 5836 511 5893 llas.
530 5834 640 5894 obitum
663 5835 783 5909 praefuit
803 5837 1056 5912 congregationis
1077 5839 1215 5913 Gregorio
1235 5841 1310 5898 lllv.

438 5923 470 5978 Ρ.
490 5924 530 5980 ll.
552 5923 724 5984 instauratae
751 5941 801 6000 pro
826 5925 1022 5986 emendatione
1047 5927 1222 5998 Bibliornm,
1246 5943 1311 6001 prae

1381 4771 1513 4832 manibus
1538 4771 1612 4830 inter
1637 4778 1728 4830 cetera
1754 4771 1941 4828 instrumenta
1965 4775 1995 4826 et
2020 4768 2097 4828 huna
2123 4767 2250 4828 codicem

1380 4859 1552 4920 caralianum
1566 4859 1711 4929 babuisse,
1724 4858 1792 4916 dum
1807 4857 1838 4915 in
1851 4856 1954 4930 oppido
1966 4855 2094 4930 Zagaroli
2111 4871 2176 4914 cum
2190 4857 2252 4914 sois

1382 4947 1590 5007 consultoribus
1607 4963 1677 5021 opus
1695 4947 1730 5005 ad
1748 4945 1880 5004 incudem
1897 4943 2053 5004 revocabat.
2072 4949 2158 5002 l’orro
2175 4945 2251 5002 cirea

1380 5038 1455 5098 idem
1476 5046 1588 5112 tempus
1608 5037 1740 5096 laudatus
1756 5036 1839 5094 card.
1859 5037 1996 5096 Columm
2017 5051 2066 5109 pro
2083 5051 2134 5094 soa
2155 5036 2250 5094 muni·

1384 5127 1495 5185 licentia
1514 5143 1529 5184 e
1546 5124 1738 5186 fundamentis
1760 5125 1878 5184 excitare
1899 5125 1992 5198 coepit
2008 5122 2166 5196 Collegium
2184 5121 2251 5181 bar·

1379 5216 1543 5278 nabitarnm¹
1556 5214 1704 5287 zagaroti,
1723 5213 1799 5289 quod
1818 5213 1884 5272 dein
1907 5214 1969 5272 eius
1989 5211 2105 5271 heredes
2124 5209 2251 5285 perieoe-

1382 5314 1451 5364 runt
1463 5304 1636 5376 (Gabntius,
1648 5308 1760 5364 Hister.
1777 5309 1885 5377 coam.
1900 5303 1989 5362 clear.
2002 5319 2081 5375 regg.
2096 5318 2122 5359 r.
2136 5302 2250 5372 Paulli,

1381 5394 1608 5464 t.111,c.s.),
1630 5393 1777 5468 eidemque
1799 5409 1929 5466 magnam
1953 5399 2059 5465 partem
2081 5391 2251 5450 domesticae

1381 5481 1565 5541 bibliothecae
1581 5481 1783 5556 perliberaliter
1795 5479 1992 5538 adtribuemnt
2004 5479 2169 5549 (Laenardo
2184 5481 2251 5538 Ceo-

1381 5572 1445 5628 coni
1459 5575 1568 5630 Istorto
1586 5573 1619 5629 dt
1634 5571 1817 5640 Pelestrtaa,
1829 5587 1863 5644 p.
1877 5576 1938 5628 tte.
1948 5575 1967 5638 ).
1988 5568 2081 5627 liuius
2098 5577 2191 5628 antem
2209 5569 2251 5628 bi·

1380 5659 1536 5720 bliothacaa
1553 5660 1687 5734 reliquias
1706 5659 1841 5734 aupenmi
1863 5667 1952 5718 aetate
1972 5658 2108 5734 zagarolo
2129 5660 2249 5716 Romam

1381 5748 1417 5808 ad
1432 5749 1589 5824 Collegium
1606 5759 1733 5808 nostmm
1751 5747 1859 5807 delatas
1874 5749 1960 5807 fuisse
1977 5765 2008 5806 ex
2024 5748 2185 5808 domesticis
2202 5747 2251 5806 do-

1383 5839 1523 5898 cumentis
1545 5838 1714 5907 asserimus,
1735 5836 1809 5896 inter
1831 5837 1882 5896 has
1903 5854 1966 5898 sero
1987 5836 2111 5896 codicem
2133 5837 2249 5898 caraia-

1383 5945 1452 5988 num
1471 5927 1557 5987 tuine
1575 5927 1772 5988 coniectamus.
