4804 6692
572 755 1552 926 PROLEGOMENA

810 1157 1313 1206 μαψ-ι·-

157 1525 342 1710 Vulgati
362 1603 472 1684 latim
493 1602 710 1684 Bibliorum
731 1605 960 1714 interpretis
978 1604 1107 1684 varias
1124 1603 1313 1686 lectiones
1332 1602 1513 1713 undique
1530 1604 1777 1712 conquisitas
1794 1600 1968 1698 edituri,-

157 1753 356 1833 quaeuam
383 1727 505 1808 buius
532 1729 663 1836 operis
689 1730 843 1810 occasio
870 1728 1008 1825 fuerit,
1030 1755 1183 1836 quaeve
1209 1729 1258 1808 sit
1286 1729 1453 1807 instituti
1480 1729 1606 1808 nostri
1633 1729 1733 1807 ratio
1760 1727 1800 1808 in
1828 1726 1964 1834 primis

157 1847 267 1928 brevi
295 1851 476 1931 oratione
503 1849 785 1932 declarandum
810 1851 1020 1949 ducimus3
1052 1851 1146 1931 dein
1178 1851 1310 1932 fontes
1335 1879 1439 1960 quos
1471 1850 1685 1946 adivimus,
1713 1867 1831 1930 testes
1860 1877 1966 1958 quos

156 1973 472 2080 corrogavimus,
489 1989 704 2083 ceteraque
725 1973 966 2054 adminicula
990 1975 1139 2081 quibus
1161 1976 1223 2054 usi
1246 2002 1382 2055 sumus
1404 1973 1672 2055 enumeranda
1695 1990 1808 2053 sunt:
1832 1977 1876 2052 ut
1900 1973 1963 2053 vel

156 2123 204 2176 ex
232 2096 320 2204 ipso
345 2096 438 2183 libri
466 2095 632 2178 exordio
658 2094 760 2204 quid
785 2097 903 2176 nobis
922 2099 1174 2204 propositum
1196 2098 1336 2196 fucrit,
1364 2099 1595 2208 quibusque
1619 2097 1857 2178 adiumentis
1883 2096 1964 2175 sul·

157 2217 247 2298 lulti
265 2247 418 2299 novrrm
434 2221 513 2299 boc
530 2247 635 2328 opus
652 2217 941 2326 aggrediamur,
954 2217 1135 2300 eruditus
1153 2221 1278 2304 lector
1295 2239 1542 2330 compertum
1562 2223 1721 2304 babeat.
1735 2221 1841 2300 Hinc
1855 2223 1963 2300 'enim

156 2341 335 2450 prudens
362 2343 531 2452 quilibet
556 2344 761 2424 aestimare
786 2343 935 2452 poterit
962 2361 1096 2423 utrum
1118 2345 1301 2426 laborum
1325 2362 1554 2426 nostrorum
1576 2345 1816 2426 laudabilem
1842 2345 1962 2425 finem

157 2467 276 2548 nobis
299 2468 639 2548 constituerimus:
661 2495 715 2548 an
743 2466 874 2547 media
898 2465 952 2546 ad
980 2467 1088 2546 illum
1116 2466 1417 2577 adsequendum
1445 2467 1894 2575 idonea'delegerimus:
1917 2495 1964 2546 ae

157 2588 317 2669 tandem
347 2607 479 2672 utrum
511 2590 620 2670 illum
651 2616 696 2670 re
725 2615 817 2668 vera
843 2587 1046 2696 adtingere
1079 2591 1157 2671 boc
1188 2591 1390 2672 volumine
1419 2593 1668 2701 incipiamus.
1695 2592 1963 2673 Vehementer

155 2729 287 2792 autem
314 2715 478 2794 interest
505 2741 556 2796 ne
582 2715 673 2822 quis
699 2742 722 2793 a
751 2714 868 2793 nobis
894 2713 1004 2793 aliud
1032 2716 1211 2823 requirat
1242 2733 1402 2824 praeter
1428 2715 1469 2796 id
1498 2714 1610 2824 quod
1642 2745 1718 2796 nos
1743 2717 1960 2796 intuemur.

155 2836 299 2945 Neque
324 2837 429 2916 enim
457 2839 686 2946 ignoramus
713 2865 835 2946 quarn
861 2838 940 2917 late
967 2855 1099 2946 pateat
1123 2840 1325 2920 variarum
1353 2841 1567 2921 lectionum
1594 2839 1799 2939 delectus3
1831 2867 1964 2948 neque

152 2959 372 3044 admodum
398 2959 559 3042 difficile
585 2987 669 3041 esse
695 2978 882 3069 putamus
909 2962 1077 3042 aliorum
1104 2963 1322 3044 multorum
1350 2965 1533 3046 codicum
1555 2967 1778 3046 testimonia
1806 2991 1964 3045 coacer-

152 3111 273 3182 vare,
303 3084 460 3193 aliaque
487 3085 603 3192 plura
631 3085 766 3166 critica
794 3083 1034 3166 documenta
1062 3115 1287 3195 congerere.
1319 3089 1374 3168 At
1402 3089 1478 3168 nisi
1506 3105 1635 3170 certos
1661 3087 1838 3196 denique
1863 3087 1963 3166 lines

155 3209 272 3289 nobis
301 3209 680 3317 praestituissemus,
710 3207 927 3288 verendum
958 3209 1094 3290 fuisset
1123 3237 1175 3290 ne
1203 3211 1318 3319 prius
1347 3213 1428 3292 vita
1460 3213 1578 3292 nobis
1605 3211 1812 3308 deiiceret,
1842 3239 1963 3319 quam

153 3360 256 3440 opus
286 3331 397 3440 quod
424 3331 685 3412 moliebamur
710 3333 751 3410 in
775 3332 916 3439 vulgus
941 3332 1137 3441 prodiret.
1167 3338 1372 3416 Praeterea
1395 3363 1638 3445 quamquam
1661 3363 1763 3446 opus
1784 3351 1961 3416 nostrum

153 3456 373 3563 perlectum
392 3483 475 3538 esse
493 3456 748 3564 numerisque
771 3457 960 3537 omnibus
977 3458 1205 3538 absolutum
1224 3460 1384 3540 minime
1407 3462 1636 3559 asserimus,
1656 3460 1963 3568 longissimeque

151 3578 346 3662 distamus
373 3581 425 3660 ab
451 3581 528 3661 illis
555 3581 625 3690 qui
653 3581 805 3689 proprii
834 3581 1004 3661 instituti
1032 3580 1172 3662 laudes
1198 3584 1240 3662 in
1269 3584 1357 3692 ipso
1386 3585 1578 3664 orationis
1609 3585 1746 3665 limine
1773 3583 1963 3664 extollere

153 3705 305 3799 solent,
326 3721 458 3786 tamen
486 3705 572 3786 siue
599 3705 822 3812 arrogantia
850 3703 981 3788 dicere
1007 3736 1125 3815 posse
1152 3708 1410 3806 arbitramur,
1437 3737 1512 3791 nos
1539 3710 1644 3807 aliis,
1670 3709 1809 3818 quiin
1830 3724 1963 3815 poste·

151 3855 235 3906 rum
266 3829 413 3910 latinos
438 3827 658 3910 Bibliorum
683 3827 844 3910 codices
870 3831 1052 3912 conferre
1079 3831 1333 3930 studuerint,
1364 3834 1466 3912 viam
1491 3833 1714 3940 planiorem
1743 3829 1963 3940 expeditio-

150 3975 321 4064 remque'
339 3953 562 4064 aperuisse,
584 3979 665 4062 qua
687 3953 905 4034 lectionum
927 3957 1137 4037 varietates
1158 3955 1347 4066 deligere,
1369 3955 1594 4067 expendere
1615 3973 1736 4066 atque
1760 3957 1962 4036 aestimare

149 4077 323 4158 valeant.
339 4077 450 4158 Sicut
466 4077 586 4185 igitur
603 4078 795 4158 hactenus
814 4078 868 4160 ob
888 4079 1087 4161 delectum
1107 4081 1328 4162 collationis
1345 4084 1655 4192 praecipuorum
1673 4081 1861 4174 fontium,
1877 4082 1962 4188 qui·

148 4197 224 4280 bus
252 4202 313 4280 rei
340 4201 499 4284 criticae
524 4208 601 4310 pro
629 4201 788 4308 vulgata
812 4200 1032 4284 Bibliorum
1059 4203 1235 4284 editione
1263 4203 1566 4285 fundamentum
1595 4219 1777 4285 constare
1805 4229 1963 4284 necesse

148 4341 228 4422 est,
248 4323 425 4408 arduum
447 4323 524 4406 fuit
543 4325 791 4432 singulorum
813 4328 973 4408 testium
991 4330 1072 4408 vim
1091 4345 1131 4408 et
1149 4357 1266 4410 usum
1285 4357 1545 4436 cognoscere3
1567 4330 1644 4426 ita,
1664 4327 1874 4412 collatione
1897 4327 1962 4408 illa

147 4448 350 4544 instituta,
371 4477 546 4558 pronum
560 4451 644 4530 -erit
665 4450 830 4531 cuilibet
853 4452 1012 4532 erudito
1035 4453 1186 4561 priscos
1210 4453 1307 4532 alios
1330 4451 1487 4533 codices
1507 4452 1711 4546 evolvere,
1734 4469 1961 4532 nostrorum
2052 4515 2054 4520 .

146 4572 340 4690 lectiones
357 4573 592 4656 confirmare
610 4592 678 4655 aut
697 4573 926 4672 emendare,
945 4577 1191 4686 maioresque
1210 4576 1253 4655 in
1271 4574 1356 4656 dies
1373 4575 1576 4656 bonorum
1591 4573 1813 4655 studiorum
1833 4603 1962 4654 ascen·

145 4723 211 4780 sus
237 4726 492 4808 promovere.
518 4700 619 4780 Nam
643 4701 715 4780 etsi
740 4717 944 4808 receptum
968 4701 1129 4807 Vulgati
1153 4716 1329 4797 textum,
1350 4700 1522 4804 legitima
1544 4716 1667 4807 atque
1690 4726 1874 4806 suprema
1899 4726 1961 4778 ro-

147 4823 252 4904 mani
274 4821 476 4930 pontilicis
495 4823 729 4903 auctoritate
750 4823 1015 4930 recognitum,
1033 4822 1146 4902 nullo
1167 4839 1284 4932 paeto
1304 4821 1484 4902 deserere
1503 4839 1573 4902 aut
1590 4819 1806 4928 repudiare
1825 4820 1959 4912 liceat,

145 4959 277 5028 tamen
298 4982 318 5024 a
341 4947 445 5028 sicut
470 4947 688 5054 apostoliea
707 4945 819 5028 sedes
838 4943 1075 5026 industriam
1094 4972 1233 5026 eorum
1252 4973 1335 5024 non
1354 4943 1533 5038 damnat,
1557 4943 1627 5052 qui
1655 4941 1962 5025 concordantias

18 5084 19 5094 ‘
150 5102 169 5144 »
190 5071 398 5168 locorum,
422 5073 549 5152 varias
575 5072 791 5151 lectiones.
814 5130 823 5148 .
845 5133 854 5150 .
873 5088 913 5150 et
939 5071 1014 5150 alia
1033 5067 1073 5149 id
1094 5095 1218 5175 genus
1236 5074 1280 5148 in
1301 5070 1386 5148 aliis
1413 5067 1658 5148 editionibus
1684 5067 1958 5158 inseruerunt,

151 5229 168 5268 a
191 5195 245 5275 ita
266 5223 438 5306 quoque
457 5223 541 5308 non
560 5196 749 5304 probibet
768 5194 868 5304 quin
883 5253 892 5270 .
907 5191 1144 5272 ..eiusmodi
1163 5189 1393 5272 adiumenta
1410 5189 1772 5310 prostudiosorum
1793 5215 1963 5267 commo·

19 5397 20 5408 ,
150 5321 320 5402 »ditate
345 5338 468 5429 atque
495 5321 665 5402 utilitate
691 5321 733 5400 iu
763 5335 967 5427 posterum
992 5313 1244 5396 adlicientur.
1267 5349 1285 5392 a
1308 5317 1416 5396 Haeo
1441 5315 1583 5416 verba,
1605 5341 1711 5422 quae
1738 5314 1780 5392 in
1809 5311 1960 5419 praefa-

146 5444 257 5524 tione
277 5445 537 5524 clementinae
557 5444 743 5553 editionis
764 5445 963 5550 leguntur,
979 5442 1074 5522 satis
1093 5457 1229 5548 aperte
1247 5439 1469 5536 declarant,
1486 5465 1673 5518 romanae
1691 5436 1794 5516 sedis
1812 5435 1961 5516 iudicio

145 5566 340 5648 studiosis
368 5567 619 5650 commodum
644 5583 764 5674 atque
789 5566 885 5646 utile
908 5567 994 5646 fore
1017 5567 1048 5645 si
1072 5593 1122 5645 ex
1146 5565 1304 5674 optimis
1327 5563 1494 5644 testibus
1520 5561 1732 5644 lectionum
1757 5561 1962 5639 varietates

145 5692 422 5797 proferantur.
452 5695 500 5772 Et
518 5709 625 5796 recte
644 5689 828 5800 quidem:
853 5691 1110 5769 «Plurimum
1131 5689 1257 5788 enim,
1282 5707 1326 5769 ut
1346 5687 1464 5768 docet
1486 5686 1751 5793 Augustinus,
1774 5686 1881 5761 iuvat
1901 5684 1960 5758 in-

19 5849 20 5925 3
149 5833 412 5925 »terprctum
433 5818 715 5911 numerositas,
740 5814 892 5898 collatis
910 5812 1138 5910 codicibus,
1161 5815 1338 5922 inspecta
1360 5829 1480 5919 atque
1499 5809 1693 5890 discussa:
1716 5822 1868 5886 tantum
1892 5803 1960 5883 ab·

19 5972 20 5991 ¹
150 5973 168 6012 r
189 5941 240 6020 sit
261 5939 432 6040 falsitas3
455 5971 547 6024 nam
567 5942 774 6023 codicibus
791 5935 1048 6020 emendandis
1066 5938 1251 6045 primitus
1269 5933 1389 6018 debet
1409 5935 1613 6040 invigilare
1631 5931 1802 6012 sollertia
1820 5955 1957 6008 eorum

345 6075 429 6150 Tan.
452 6077 478 6148 l.
1742 6064 1760 6134 ὂ
