4740 6680
456 468 525 540 dib

455 618 510 671 bus.
529 624 567 670 tt.
586 621 625 668 ’x'
642 614 783 668 cubitorum
801 614 942 666 columnam
960 625 1050 675 onam,
1062 613 1087 662 et
1102 611 1180 662 cubiti
1196 612 1270 662 unius
1286 614 1311 662 et

453 703 556 755 demidii
576 703 732 754 latitudinem
752 703 882 753 columnae
901 702 982 752 unios.
1002 705 1040 752 ti.
1057 703 1125 750 Duos
1143 713 1250 750 ancones
1269 712 1309 750 oo·

452 795 551 846 lucanae
564 794 607 844 uni
620 792 789 844 incumbentes
801 791 858 844 aliis
871 793 935 854 ulio,
949 792 986 842 stc
998 790 1074 842 iacies
1088 789 1204 840 omnibus
1219 789 1310 839 colom-

451 883 489 932 oia
507 880 670 932 tavernaculi.

498 979 536 1022 ta.
553 971 584 1022 Et
602 970 678 1021 iacies
695 969 825 1021 columnas
844 968 995 1020 tavernaculi
1014 971 1075 1020 itit·
1092 968 1221 1018 columnas
1240 979 1254 1016 a
1273 965 1308 1018 la·

450 1064 501 1110 tere
517 1059 586 1122 qood
598 1059 699 1123 respicit
709 1059 740 1109 ad
757 1059 907 1122 aquilonem.
928 1065 964 1108 ts.
979 1061 1010 1108 lit
1022 1061 1082 1108 dii:
1095 1056 1166 1106 bases
1181 1057 1308 1118 argenteas

449 1148 524 1198 lucica
539 1148 566 1198 in
582 1148 643 1212 ipsis
660 1150 722 1198 uix·
740 1149 871 1198 columnae
886 1148 945 1208 alis,
963 1146 1025 1198 duas
1044 1147 1114 1196 bases
1133 1145 1264 1196 columnae
1281 1144 1308 1193 in

450 1239 568 1301 utranam
580 1239 662 1302 partes
674 1236 736 1287 eiua
755 1243 793 1287 to.
809 1240 838 1287 Et
852 1238 918 1288 tatus
933 1235 1068 1288 secundom
1082 1234 1150 1298 quod
1164 1237 1203 1286 est
1217 1233 1247 1284 ad
1264 1247 1306 1284 au·

449 1329 528 1377 suum
551 1331 613 1378 dix·
635 1326 772 1378 columnas.
796 1334 834 1378 lt.
852 1329 883 1376 Et
906 1329 965 1376 ’ίίίίΙ
986 1325 1046 1376 baso
1065 1338 1150 1376 eurum
1172 1326 1307 1386 argenteas.

449 1418 517 1466 Duas
534 1415 606 1465 bases
620 1415 750 1466 columnae
767 1415 811 1463 uni
827 1415 853 1464 in
866 1417 984 1477 abasque
1002 1415 1085 1476 partes
1099 1413 1160 1463 eius.
1178 1420 1216 1464 22.
1230 1415 1260 1463 iit
1275 1413 1308 1464 de

449 1506 505 1566 post
523 1503 730 1564 humunculum,
750 1504 775 1554 in
794 1505 889 1566 partem
909 1503 978 1565 quod
998 1502 1098 1565 respicit
1117 1502 1305 1564 contremere,

449 1592 524 1644 iacies
540 1606 581 1644 aex
601 1593 737 1644 columnas.
756 1598 794 1643 2³.
813 1595 843 1642 nt
859 1591 923 1642 duas
938 1592 1066 1642 columnas
1080 1591 1155 1642 iacies
1171 1592 1197 1640 io
1210 1589 1308 1654 angulis

448 1682 599 1732 tavernaculi
612 1696 627 1731 a
639 1685 713 1733 retro.
727 1686 765 1731 nt.
776 1683 806 1731 et
817 1683 890 1732 eruut
899 1681 1014 1744 aequales
1024 1681 1057 1730 ed
1068 1693 1153 1730 eorum
1165 1680 1305 1744 adipsum,

448 1770 622 1822 convenientes
638 1771 663 1820 in
679 1784 707 1822 se
727 1771 759 1821 de
775 1771 898 1834 capitibus
917 1771 943 1820 in
961 1771 1148 1822 commissuram
1165 1782 1253 1830 unam;
1269 1771 1307 1821 sic

447 1861 522 1912 iacies
541 1861 671 1924 utrimque
687 1861 798 1922 angulis,
814 1864 842 1910 ut
857 1861 908 1910 sint
921 1861 1046 1924 aequales.
1064 1863 1306 1912 aestuantem

446 1950 576 2002 columnae
587 1953 612 2000 et
626 1951 697 2000 bases
707 1952 937 2024 aarumargcnteae
950 1953 1039 2012 ·xvt·,
1051 1950 1116 2000 duae
1129 1951 1199 2002 bases
1212 1950 1305 2001 colum·

448 2053 494 2090 unc
511 2041 555 2090 uni
574 2040 600 2089 in
620 2040 739 2102 utrasque
756 2040 838 2102 partes
855 2038 917 2088 eius.

494 2137 533 2180 26.
551 2130 583 2180 lit
597 2129 672 2180 tocies
687 2141 767 2178 serras
782 2127 814 2178 de
829 2128 903 2192 lignis
918 2128 1116 2191 inputribilibus,
1130 2129 1241 2193 quinquo
1254 2142 1303 2180 aer·

445 2232 485 2270 ras
501 2219 544 2268 uni
563 2219 694 2270 columnae
713 2231 742 2268 es
760 2231 810 2268 una
824 2220 894 2281 parte
910 2219 1072 2269 tavernaculi.
1091 2223 1129 2269 27.
1144 2222 1174 2268 iit
1191 2219 1302 2283 quinque

446 2321 526 2358 serras
540 2308 671 2359 columnae
686 2307 729 2356 uni
742 2311 768 2357 et
781 2320 811 2357 ex
828 2307 878 2358 clia
891 2309 963 2370 parte
978 2307 1143 2370 tavernaculi,
1157 2311 1182 2357 et
1194 2310 1305 2371 quinque

446 2409 526 2448 serras
549 2396 679 2447 columnae
697 2396 828 2458 posteriori
846 2395 917 2446 lateri
942 2397 1108 2460 tavernaculi,
1129 2397 1197 2460 quod
1213 2400 1251 2449 est
1272 2398 1304 2450 ad

447 2499 523 2536 mare.

493 2582 532 2625 ts.
550 2576 582 2624 iit
596 2587 664 2624 serra
680 2573 762 2624 media
778 2575 841 2624 inter
857 2576 986 2625 columnas
1001 2575 1147 2638 disponatur
1164 2577 1303 2640 pertingens

446 2665 477 2716 ab
494 2677 545 2714 uno
560 2663 689 2726 cognicio
704 2665 780 2716 alium
797 2665 924 2727 angulum.
942 2672 982 2716 29.
995 2667 1026 2717 nt
1036 2666 1164 2718 columnas
1179 2665 1305 2718 inauravia

446 2767 520 2815 auro,
532 2755 557 2804 et
571 2753 659 2804 mulos
675 2753 750 2804 iacies
762 2766 850 2804 aurcos
859 2753 988 2817 aequales,
1000 2754 1027 2804 in
1037 2753 1129 2817 quibus
1144 2755 1247 2808 induces
1257 2769 1305 2807 ser-

446 2854 499 2904 ras,
514 2842 540 2892 et
555 2840 682 2893 inaurabis
694 2854 756 2890 auro
769 2854 857 2892 serras.
876 2849 915 2893 33.
928 2845 959 2892 Et
974 2855 1057 2906 creges
1068 2843 1254 2894 tavernaculum
1267 2857 1303 2895 se·

444 2930 554 2982 cundum
568 2931 689 2994 speciem,
704 2943 769 2994 quae
783 2933 883 2982 ostensa
899 2933 937 2981 est
954 2931 1000 2980 tibi
1018 2932 1044 2982 in
1062 2934 1154 2984 moute.

487 3025 527 3070 ti.
544 3021 576 3070 st
593 3018 669 3070 tames
690 3019 804 3072 velamen
822 3019 855 3070 de
874 3019 990 3082 yaciutbo
1009 3023 1035 3071 et
1055 3033 1164 3084 purpura
1184 3023 1209 3073 et
1227 3035 1303 3074 cocco

437 3110 508 3173 neto,
524 3109 599 3172 bysso
614 3110 695 3172 torto,
709 3122 772 3173 opus
788 3107 873 3160 teadle
887 3109 1013 3161 cherubin
1030 3111 1104 3160 lactea
1120 3110 1193 3162 illud.
1211 3119 1250 3162 33.
1269 3115 1300 3164 Et

436 3200 548 3262 impones
558 3210 633 3262 super
646 3200 765 3263 quattuor
776 3199 905 3250 columnas
919 3200 1075 3263 inputribiles
1086 3201 1212 3253 inauratas
1222 3215 1283 3254 soro
1290 3239 1298 3265 ,

436 3290 462 3339 et
482 3286 563 3350 capita
584 3299 669 3338 aarum
692 3299 787 3349 aurea,
808 3289 833 3338 et
854 3287 927 3338 bases
948 3287 1047 3339 illarum
1071 3290 1135 3340 ¹iili·
1161 3292 1296 3352 argenteas.

437 3383 475 3426 33.
494 3377 526 3426 st
541 3388 617 3440 pones
633 3377 758 3439 velamen,
774 3379 800 3428 et
816 3377 928 3441 impones
943 3391 1019 3442 supra
1033 3379 1177 3438 columnas,
1188 3381 1215 3430 et
1229 3379 1299 3431 indu·

436 3477 477 3516 ces
494 3464 543 3517 sibi
562 3465 665 3517 interius
681 3479 757 3530 quam
775 3467 860 3518 vuum
875 3469 914 3520 est
931 3479 989 3518 arco
1005 3468 1144 3519 tabanoui:
1161 3470 1187 3519 et
1203 3469 1298 3519 diridet

438 3555 521 3606 vatum
538 3553 611 3606 vobis
627 3555 691 3608 inter
706 3555 816 3608 medium
832 3560 954 3609 sanctum.
973 3562 1012 3608 at.
1025 3560 1056 3608 st
1073 3558 1171 3622 operies
1185 3557 1217 3610 de
1233 3559 1298 3610 vela·

1384 612 1451 662 mina
1471 623 1554 662 aream
1573 609 1709 662 testimonii
1730 610 1757 662 ia
1778 611 1863 660 munta
1885 609 2035 660 unctorum.
2059 615 2098 661 35.
2115 611 2148 660 na
2169 621 2251 672 panas

1384 712 1494 749 mensam
1507 699 1574 748 toras
1586 699 1656 748 extra
1670 698 1798 760 velamen,
1809 699 1835 747 ct
1844 697 2019 749 caudelabrum
2033 699 2122 748 eontra
2132 709 2247 747 maun

1384 789 1411 838 in
1424 791 1519 852 partem
1534 788 1701 851 tavernaculi,
1714 787 1782 852 quod
1797 787 1897 851 respicit
1909 787 1941 838 ad
1954 789 2080 850 anstrum
2090 789 2118 837 et
2132 797 2247 836 naman

1383 889 1459 940 pones
1474 877 1500 926 in
1517 877 1611 939 partem
1627 876 1779 926 tavernaculi
1796 874 1864 938 quod
1883 875 1984 939 respicit
1999 875 2031 924 ad
2048 873 2201 937 aquilam

1380 1015 1382 1018 .
1431 973 1470 1017 33.
1487 969 1519 1016 Et
1540 965 1614 1016 lacios
1635 964 1811 1015 adductorium
1834 963 1866 1014 dc
1888 963 2021 1026 byacintlro
2041 965 2068 1014 et
2088 973 2202 1027 purpura
2221 965 2249 1011 et

1383 1071 1458 1108 cocco
1478 1058 1535 1107 neto
1551 1058 1577 1107 et
1594 1056 1668 1119 bysso
1688 1057 1768 1118 torto,
1785 1067 1848 1118 opus
1863 1053 2046 1105 diversicolore.

1429 1153 1468 1200 37.
1486 1148 1517 1197 st
1530 1147 1606 1198 iacias
1622 1145 1737 1196 velamini
1750 1145 1861 1210 quinqua
1873 1145 2002 1196 columnas
2016 1146 2043 1195 et
2057 1141 2187 1194 inaurabis
2202 1153 2246 1190 eas

1382 1249 1456 1299 auro,
1474 1238 1499 1286 el
1514 1237 1597 1300 capita
1611 1247 1714 1286 esurum
1730 1247 1818 1296 aurea,
1833 1237 1858 1285 at
1873 1233 1978 1285 lundens
1993 1233 2029 1283 sia
2044 1233 2157 1296 quinque
2172 1242 2245 1280 vanas

1382 1339 1478 1378 soreos.

1427 1507 1487 1568 cap.
1500 1506 1601 1567 xlivll,
1618 1511 1638 1554 t.
1654 1504 1685 1554 st
1697 1504 1773 1553 tecies
1788 1502 1904 1553 aluriom
1919 1502 1952 1552 de
1966 1501 2039 1564 liguis
2055 1498 2245 1564 inputribilibaa

1383 1593 1493 1658 quinque
1507 1592 1648 1643 cubitorum
1667 1592 1862 1655 longitudinem,
1878 1594 1904 1641 et
1918 1591 2030 1655 quinque
2046 1589 2190 1640 cubitorum
2208 1588 2243 1636 la·

1381 1683 1523 1735 titudinem.
1541 1683 1696 1741 Quadratum
1712 1682 1760 1732 erit
1775 1683 1867 1745 altare;
1884 1684 1910 1732 et
1926 1682 2002 1732 bium
2021 1679 2165 1730 cubitorum
2184 1675 2240 1726 alti·

1381 1774 1494 1826 tudinem
1512 1772 1590 1824 illius.

1428 1870 1450 1914 2.
1469 1864 1500 1913 nt
1518 1862 1594 1912 iacies
1612 1873 1707 1912 cornua
1727 1861 1753 1910 ln
1774 1861 1892 1924 quattuor
1910 1859 2026 1922 angulos,
2044 1871 2075 1909 ea
2093 1857 2150 1922 ipso
2169 1859 2244 1906 eruat

1341 1931 1347 1942 ¹
1380 1963 1487 2014 cornua,
1503 1952 1529 2002 et
1544 1953 1611 2014 tegas
1624 1951 1669 2002 illa
1685 1951 1835 2001 aeramento.

1428 2050 1452 2094 3.
1469 2045 1500 2092 nt
1520 2041 1596 2092 iacies
1617 2053 1735 2090 eoronam
1760 2039 1848 2090 aluno
1868 2039 1895 2088 et
1918 2039 2087 2100 tegumentum
2107 2037 2199 2096 iliius,
2216 2041 2243 2086 et

1382 2131 1491 2195 pbialas,
1505 2133 1530 2181 et
1542 2129 1688 2191 craticulas,
1703 2131 1729 2179 et
1741 2127 1856 2178 vatillum
1872 2129 1899 2177 et
1911 2127 1995 2176 omnis
2009 2137 2070 2174 rasa
2084 2123 2152 2175 illisa
2165 2125 2243 2173 incia

1380 2235 1409 2272 ea
1425 2233 1508 2271 norea,

1426 2315 1450 2361 4.
1469 2313 1500 2361 Et
1514 2311 1590 2362 lucica
1605 2309 1643 2360 ilii
1657 2309 1800 2359 craticulam
1817 2309 1842 2357 in
1860 2307 1962 2357 modum
1977 2305 2075 2356 reticuli
2091 2315 2204 2364 arcam
2217 2305 2243 2354 et

1380 2402 1455 2452 iacies
1471 2400 1517 2464 ipsi
1533 2400 1668 2464 graticulae
1681 2401 1801 2463 quattrmr
1819 2397 1909 2447 anulos
1923 2409 2011 2446 aureos
2025 2395 2052 2444 in
2067 2395 2177 2457 quatuor
2197 2405 2239 2442 au·

1379 2489 1459 2552 gulos.
1476 2496 1499 2538 5.
1517 2490 1548 2539 Et
1563 2487 1687 2552 subponas
1700 2486 1758 2537 illos
1772 2486 1861 2536 subtus
1878 2485 2026 2548 graticulam
2045 2482 2123 2547 lpslos
2141 2483 2239 2544 altarii,

1380 2579 1411 2629 de
1425 2578 1540 2628 deorsum
1552 2580 1635 2630 autem
1647 2578 1743 2641 eritque
1754 2576 1873 2641 graticula
1888 2587 1968 2638 usque
1980 2573 2012 2624 ad
2024 2573 2109 2624 altaria
2119 2571 2239 2622 medium.

1428 2761 1525 2810 Poscis
1543 2761 1576 2808 its
1592 2759 1723 2821 exceptu,
1739 2767 1808 2822 quoe
1827 2753 1940 2806 acuaris
1953 2756 2071 2819 propriis
2091 2751 2157 2804 tosta
2174 2765 2236 2816 pro-

1380 2847 1506 2908 tulimus,
1523 2859 1558 2898 ex
1576 2846 1689 2911 Vulpoto
1709 2847 1854 2910 interprete
1873 2845 1980 2910 rettpao
1996 2847 2023 2896 tn
2042 2842 2132 2895 codice
2150 2845 2175 2894 B
2194 2843 2238 2892 de-

1378 2941 1479 3004 scripta
1500 2941 1573 2990 aunt.
1591 2937 1632 2988 td
1647 2935 1736 2988 scoot
1756 2937 1856 2988 eomas
1873 2935 1940 2987 boec
1963 2935 2062 2999 unitur
2082 2933 2237 2999 eptprapbe.

1599 3117 1728 3196 Explicit
1746 3115 1899 3177 ellesmoth
1918 3116 1949 3176 id
1969 3122 2014 3176 eat

1739 3225 1872 3286 Exodus.

1650 3329 1780 3392 ostro
1799 3330 1877 3392 PRO
1901 3331 1959 3392 bis

1709 3437 1900 3498 DOMINICO

1656 3545 1786 3622 prbitero
1805 3547 1947 3623 scriptore
