4804 6692
859 547 1175 626 PIIOLEGOIIENA
1816 542 1919 622 LXIII

128 705 203 787 titio
221 691 371 783 hauriri
395 701 533 810 possit.
557 699 611 780 Ut
636 699 758 808 igitur
780 700 932 784 facilior
958 703 1076 784 nobis
1098 703 1162 782 via
1188 699 1239 782 de
1263 697 1519 780 clementinis
1541 693 1691 780 Bibliis
1716 699 1920 806 speciatim

126 825 256 936 agendi
283 841 465 933 paretur,
491 825 543 906 ab
570 824 764 906 eiusmodi
796 822 1073 934 ὶπανορθωτοῢ
1100 825 1366 934 descriptione
1392 821 1608 906 ordiemur.

917 1009 954 1109 g.
980 1005 1109 1085 xxii.

328 1165 563 1248 Conectorii
589 1169 767 1252 vaticani
792 1198 820 1250 u
845 1169 1062 1250 Franciscu
1092 1168 1230 1250 Toleto
1256 1166 1453 1249 elabomti
1478 1165 1705 1274 descriptio.

222 1325 356 1406 Unum
381 1345 443 1408 est
470 1329 640 1410 sixtinae
666 1328 852 1411 editionis
873 1329 982 1410 istud
1003 1324 1207 1438 exemplar
1229 1329 1476 1426 vancanum3
1501 1353 1642 1407 verum
1668 1351 1766 1435 prae
1792 1329 1922 1406 omni-

127 1451 211 1548 bus,
228 1477 331 1558 quae
350 1451 515 1559 quidem
533 1450 721 1550 viderim,
738 1456 920 1562 spatiosis
937 1455 1041 1535 loliis
1059 1455 1293 1563 impressum
1313 1456 1379 1559 (ca
1399 1451 1449 1532 de
1468 1477 1512 1531 re
1529 1452 1610 1558 ogit
1622 1453 1717 1531 Ant.
1733 1453 1837 1556 Aug.
1849 1453 1923 1532 lle·

125 1571 289 1654 nouaxd:
309 1577 377 1654 cll
396 1605 418 1656 a
437 1576 499 1656 ete
521 1578 617 1674 tire,
640 1605 691 1658 en
714 1576 842 1684 grand
865 1579 1025 1687 papier,
1046 1579 1241 1687 quelques
1262 1577 1522 1684 exemplaires
1544 1575 1597 1656 de
1618 1575 1728 1655 I'une
1746 1577 1922 1683 (1590.)

128 1731 145 1772 u
162 1697 264 1780 etde
282 1697 423 1780 l’outrc
441 1699 594 1782 edition
610 1703 783 1811 (idque).
798 1703 1023 1783 »Annales
1040 1703 1089 1781 de
1109 1701 1392 1810 l'Imprimeric
1409 1699 1477 1780 des
1491 1699 1635 1778 Aldes.
1646 1701 1783 1795 Poris,
1802 1699 1917 1782 1803.

125 1842 211 1902 tom.
234 1825 271 1919 Ι,
292 1851 411 1932 pagg.
435 1826 530 1922 423.
553 1843 594 1906 et
622 1826 764 1932 idol:
796 1827 947 1934 optime
972 1842 1225 1934 compactum
1252 1843 1330 1921 est,
1360 1823 1487 1904 rubro
1511 1825 1622 1904 corio
1650 1841 1775 1931 utque
1802 1849 1920 1904 orna-

125 1948 273 2042 mentis,
301 1975 483 2028 necnon
505 1966 645 2030 auratu
670 1952 796 2060 ipsius
815 1952 913 2030 Sixti
932 1954 977 2029 v.
998 1967 1202 2030 stemmate
1224 1950 1394 2056 insigne.
1421 1949 1712 2028 Annotationes
1732 1947 1921 2056 frequen·

124 2088 174 2150 tes
198 2071 239 2150 in
265 2099 316 2155 eo
342 2092 565 2154 occurrunt
592 2075 725 2184 amplo
753 2077 795 2154 in
823 2076 999 2183 margine
1026 2075 1177 2154 calamo
1204 2074 1329 2182 ipsius
1358 2072 1481 2180 patris
1507 2072 1639 2152 Toleti
1668 2089 1852 2154 exaratae
1878 2073 1920 2151 in

124 2212 285 2302 utroque
303 2197 578 2294 Testamento,
602 2200 656 2280 ita
677 2216 723 2279 ut
743 2197 794 2280 od
819 2200 966 2279 calcem
989 2225 1119 2305 usque
1141 2196 1403 2306 Apocalypsis
1425 2197 1668 2303 pertingant.
1693 2197 1828 2303 Atque
1853 2215 1922 2275 ex·

123 2334 234 2398 trema
263 2321 408 2428 pagina
435 2320 599 2428 legitur:
623 2355 644 2397 a
663 2325 729 2406 28.
757 2324 914 2431 augusti
942 2349 1009 2403 an.
1040 2325 1154 2431 1592.
1182 2321 1246 2402 die
1273 2322 1398 2400 sancti
1426 2320 1659 2426 Augustini,
1680 2321 1804 2400 Clem.
1827 2319 1917 2398 vii.

126 2476 142 2516 r
161 2443 259 2548 (sic)
278 2472 347 2523 an.
371 2445 404 2524 i.
424 2445 570 2552 perfeci
590 2447 868 2528 annotationes
885 2449 956 2527 has
974 2473 1111 2526 omnes
1130 2447 1200 2554 (i).
1221 2449 1382 2524 »Porro
1400 2444 1518 2524 talem
1534 2443 1610 2524 sibi
1630 2443 1812 2524 ordinem
1831 2472 1923 2552 pro·

123 2585 318 2672 posuerat:
344 2570 611 2651 correctiones
636 2573 909 2678 gregorianas,
931 2571 1069 2679 quales
1085 2569 1129 2650 in
1147 2568 1286 2649 codice
1304 2569 1482 2677 angelico
1501 2597 1623 2678 supro
1641 2565 1842 2678 descripto
1863 2572 1922 2677 (a)

123 2693 372 2774 continentur
390 2721 474 2776 non
493 2723 650 2792 omnes,
671 2723 809 2776 verum
833 2713 986 2805 partem
1008 2721 1189 2804 magnam
1207 2695 1478 2804 persequitur,
1500 2693 1718 2802 dequibus
1739 2711 1819 2773 tarn
1842 2691 1922 2774 dis·

123 2812 256 2911 tinete,
286 2819 500 2926 perspicue
527 2819 785 2928 districteque
811 2818 986 2914 iudicat,
1014 2836 1061 2898 ut
1087 2845 1225 2898 ornnes
1252 2820 1421 2900 aliorum
1447 2821 1656 2927 hucusque
1683 2845 1921 2898 commemo·

123 2953 215 3018 ratas
235 2943 535 3042 annotationes,
558 2945 633 3024 hae
654 2945 773 3052 longe
790 2960 995 3052 superent.
1016 2942 1190 3050 Singulis
1209 2971 1332 3052 porro
1352 2944 1457 3023 notis
1476 2941 1724 3051 respondent
1746 2944 1789 3023 in
1807 2959 1919 3022 textu

122 3061 306 3168 impresso
333 3065 458 3162 obeli,
482 3069 633 3175 quibus
659 3085 871 3150 moneatur
897 3069 1023 3150 lector
1043 3069 1108 3148 cui
1129 3068 1220 3148 loco
1248 3095 1384 3148 earum
1406 3093 1675 3176 unaquaeque
1701 3069 1915 3175 pertineat.

123 3185 194 3264 lam
221 3189 484 3272 instrumenta
511 3192 635 3300 ipsius
661 3193 882 3274 collationis
905 3209 945 3272 et
966 3193 1157 3273 examinis
1178 3191 1232 3272 ita
1256 3191 1483 3296 distinguit:
1509 3208 1664 3272 textum
1687 3192 1920 3272 hebraicum

125 3327 160 3389 et
183 3339 367 3417 graccum
389 3316 514 3396 LXX.
539 3318 802 3427 interpretum
826 3319 903 3425 (3):
932 3316 1078 3398 deinde
1100 3317 1291 3422 vulgatae
1314 3315 1510 3397 editiones
1544 3315 1856 3424 complutensem
1883 3333 1923 3396 et

125 3436 283 3540 regiam3
310 3438 601 3540 lovaniensem
625 3457 747 3550 atque
763 3439 889 3522 Biblia
908 3441 1145 3540 Ordinoria,
1169 3468 1254 3550 quo
1280 3442 1442 3520 nomine
1464 3441 1528 3522 illa
1553 3465 1690 3548 presse
1714 3439 1931 3547 designat,

124 3583 323 3662 quaecum
342 3562 482 3642 Glossa
500 3562 702 3649 ordinaria
720 3563 1078 3646 circumferuntur:
1099 3592 1214 3646 secus
1229 3593 1275 3645 ac
1292 3566 1429 3646 feccrit
1448 3565 1619 3672 Angelus
1636 3562 1767 3646 Rocca
1776 3623 1788 3662 ,
1808 3565 1919 3674 apud

124 3707 232 3786 quem
257 3686 428 3766 veniunt
455 3689 536 3768 hoc
559 3687 722 3769 nomine
743 3689 871 3769 Biblia
898 3691 1141 3772 lovaniensia
1166 3692 1237 3795 (l).
1264 3691 1374 3770 Inter
1399 3690 1688 3796 manuscriptos
1713 3691 1920 3796 specialem

124 3810 355 3890 mentionem
384 3811 477 3891 facit
498 3811 647 3892 codicis
670 3816 899 3896 monasterii
923 3843 954 3894 s.
978 3815 1102 3896 Paulli
1129 3831 1170 3897 et
1191 3813 1353 3894 alterius
1378 3813 1520 3892 llontis
1544 3814 1709 3907 Amiati,
1734 3814 1806 3921 qui
1831 3815 1922 3921 qui-

124 3925 203 4008 dem
228 3931 332 4030 duc,
359 3952 451 4042 post
477 3934 654 4041 codicem
683 3939 900 4019 toletanum
929 3927 1131 4045 gothicum
1153 3940 1238 4044 (5),
1257 3937 1555 4044 congregationi
1584 3937 1749 4016 sixtinae
1777 3965 1921 4041 magno

125 4054 203 4130 usui
224 4053 403 4154 fueraut,
430 4061 489 4138 nti
512 4087 585 4140 suo
609 4061 699 4141 loco
728 4062 965 4169 explicatum
986 4079 1057 4142 cst.
1082 4061 1315 4170 Superiores
1341 4062 1589 4140 recensiones
1613 4077 1792 4168 peractos
1820 4089 1921 4168 quo-

122 4175 357 4287 tiescumque
379 4202 590 4278 memorat,
611 4186 794 4266 sixtinam
817 4185 1176 4294 Congregationem
1198 4215 1221 4265 a
1245 4185 1477 4292 gregoriano
1499 4184 1583 4265 fere
1605 4211 1760 4292 semper
1782 4183 1921 4266 distin·

124 4302 218 4402 guit3
239 4305 431 4386 sollemne
448 4306 644 4415 siquidem
665 4309 721 4392 illi
742 4326 801 4392 est
814 4309 999 4422 singulos
1017 4311 1206 4392 lectiones
1227 4307 1429 4402 uomodo,
1450 4306 1809 4401 animadversiones
1830 4337 1921 4389 suas

125 4423 342 4514 huiusmodi
361 4432 535 4514 clausula
553 4433 778 4516 absolvere:
808 4435 1068 4544 Congiegatiu
1085 4434 1144 4514 sic
1165 4432 1375 4541 legendum
1393 4431 1550 4512 censuit
1557 4493 1570 4529 ,
1597 4449 1637 4512 et
1660 4445 1759 4512 tunc
1782 4461 1922 4541 grego·

218 4616 256 4680 (t)
272 4611 371 4671 uiuus
388 4617 464 4670 recte
477 4613 660 4686 ngarellius
677 4613 788 4688 necin
804 4612 895 4674 clem.
910 4619 980 4673 VH.
1053 4617 1100 4677 uls
1114 4614 1328 4676 &cadomo
1344 4613 1530 4682 editionibust
1548 4629 1617 4673 uum
1631 4615 1748 4688 vomuit
1759 4623 1852 4672 textos
1870 4614 1921 4674 ibi·

125 4694 150 4750 in
165 4696 368 4775 suhmripiioue
380 4703 487 4773 Tulctir
502 4719 569 4764 nam
585 4704 700 4766 tulna·
715 4703 798 4766 habet
811 4703 905 4762 clem
926 4694 965 4786 ὅ
973 4743 982 4772 ,
1055 4704 1120 4764 deur
1138 4706 1252 4778 saepius
1260 4704 1301 4764 ud
1316 4703 1500 4764 hmteuianas
1518 4702 1654 4766 editiones
1671 4702 1840 4764 minatus
1855 4703 1920 4762 nsit.
1965 4743 1967 4748 -

1052 4795 1128 4854 iiiuc
1143 4793 1250 4854 lactum
1269 4801 1313 4852 cst
1327 4799 1361 4850 ut
1377 4791 1590 4867 Rucceniiibliit
1601 4790 1761 4851 ordinariis
1775 4791 1924 4864 quamplu-

1053 4899 1097 4942 res
1115 4883 1251 4943 lectiones
1272 4880 1406 4942 mendose
1425 4880 1624 4953 adscripserit,
1642 4897 1715 4954 quac
1734 4896 1763 4938 re
1782 4897 1844 4940 vera
1865 4889 1939 4940 uon]

1056 4975 1197 5048 pertinent
1217 4971 1255 5031 ai
1278 4972 1429 5045 munnam
1453 4971 1606 5032 clitonem
1629 4971 1844 5031 Ordinmiorum
1867 4970 1925 5040 (de

1054 5079 1109 5137 qua
1125 5077 1210 5136 supra
1227 5061 1337 5122 dicium
1356 5069 1399 5120 est
1416 5060 1453 5120 cd
1469 5065 1494 5131 §-
1510 5063 1634 5131 itvli.),
1652 5060 1701 5120 scd
1719 5061 1814 5134 potius
1829 5059 1866 5118 ad
1882 5060 1925 5118 lo·

1056 5153 1225 5212 rociensem.
1245 5155 1321 5210 Haec
1337 5151 1362 5209 si
1377 5150 1543 5224 ngarotiio
1559 5151 1749 5210 innotuissent
1764 5151 1846 5208 aliter
1862 5165 1925 5223 pro-

1055 5239 1128 5300 lecto
1143 5239 1180 5300 de
1194 5243 1287 5300 uoco
1303 5239 1467 5312 scripsisset.
1481 5237 1672 5300 deliciatum
1687 5255 1759 5298 vero.
1768 5237 1845 5312 quod
1860 5252 1924 5311 spc-

1056 5337 1134 5398 ctat,
1157 5337 1268 5402 praeter
1290 5329 1438 5399 laudatos,
1459 5327 1529 5386 ulios
1550 5343 1665 5401 quoquo
1684 5337 1791 5388 veteres
1810 5327 1924 5400 Vulgari

1056 5420 1195 5478 editiones
1212 5419 1333 5494 profert3
1349 5435 1382 5479 oc
1397 5425 1538 5493 praetereo
1556 5426 1679 5476 vetenuu
1696 5425 1807 5489 potrum
1826 5423 1924 5474 auctu·
1976 5441 1978 5446 ·

1057 5509 1167 5568 mutem
1184 5516 1317 5580 usurpat,
1333 5507 1447 5566 iliorum
1465 5506 1629 5579 praesertim
1646 5505 1696 5577 qut
1712 5503 1830 5564 biblicus
1845 5517 1923 5560 cum·

1057 5598 1210 5656 nantarius
1225 5595 1385 5656 ediderunt.

1163 5692 1201 5756 to)
1219 5689 1261 5744 Dc
1278 5685 1375 5746 catice
1391 5685 1502 5759 gothico
1518 5685 1587 5744 satis
1603 5683 1725 5744 diximus
1741 5697 1804 5757 pag.
1819 5680 1922 5736 xxvi.

1059 5783 1128 5836 nuta
1151 5781 1178 5832 ².
1202 5777 1315 5834 Praetu
1342 5782 1513 5834 memorum
1536 5771 1645 5834 codices
1671 5773 1795 5842 aliusque
1821 5783 1925 5840 paucos

1057 5879 1129 5939 quos
1147 5879 1211 5924 raro
1224 5863 1387 5938 compellat,
1399 5879 1482 5939 saepe
1494 5863 1609 5924 Teletos
1623 5859 1733 5922 codices
1751 5875 1767 5918 a
1782 5858 1925 5919 lovanien-

1060 5955 1303 6029 nunccupatur
1322 5954 1427 6016 iaudat
1918 5971 1921 5979 “

125 4781 185 4841 haec
195 4796 288 4848 autom
300 4791 458 4850 numeralis
469 4800 535 4852 notu
547 4792 757 4852 dcuuutVffl.
768 4807 825 4850 rou
837 4807 902 4853 vcro
911 4797 979 4848 VH.

219 4882 256 4946 (i)
274 4879 347 4938 Vide
359 4895 444 4956 supra
460 4881 496 4940 ud
511 4885 536 4951 A
552 4881 631 4941 xiil.
644 4890 674 4940 ct
688 4881 763 4938 infra
780 4879 816 4938 ad
831 4885 856 4950 ς.
872 4880 980 4938 xxiii.

125 4963 167 5022 uli
183 4965 217 5024 de
232 4968 287 5028 hoc
302 4969 400 5028 mites
418 4970 547 5042 argolico
564 4985 652 5044 pauca
671 4969 875 5032 admovimus.

219 5064 257 5128 (t)
273 5062 339 5118 Nou
356 5059 441 5120 modo
460 5059 623 5121 immicum
643 5068 768 5132 imnum,
787 5059 837 5120 sed
855 5067 884 5118 st
901 5073 983 5132 grae-

118 5158 180 5200 ·ctm
194 5151 347 5208 ventuosus
365 5149 481 5210 iolcum
495 5150 599 5209 exultat
613 5165 646 5208 cx
660 5149 783 5210 editione
799 5147 985 5222 complutensi

125 5241 169 5288 out
183 5237 271 5308 regia,
291 5245 376 5309 prout
395 5238 558 5296 monuimus*
577 5253 640 5310 pag.
662 5239 769 5294 XXIII.
789 5246 857 5296 uota
874 5243 920 5306 λς
936 5251 982 5296 ru·

125 5321 223 5384 tissime
240 5341 407 5398 meorum
426 5328 556 5390 mutuum
576 5327 712 5389 temone
730 5327 844 5402 proten.

220 5423 258 5486 (4)
280 5421 384 5478 Nostro
406 5419 521 5493 quidem
542 5421 780 5481 mutcutiacnot
803 5419 984 5496 ngareiiius

126 5501 187 5560 dum
203 5504 272 5564 dicit
287 5508 430 5580 Angelum
445 5511 537 5568 noum
553 5509 611 5568 ¹indi
625 5511 742 5568 nomino
756 5510 986 5568 ordncnomm

126 5585 276 5664 densum
293 5595 394 5654 nnita
411 5596 600 5658 musmo.
619 5600 694 5656 liam
712 5597 874 5669 sospiturae
892 5599 983 5658 Romu

126 5675 266 5754 dirungun
283 5683 434 5746 Ordinatio
451 5701 467 5743 a
487 5686 587 5746 Bibliis
605 5683 823 5747 lotaaleusibus.
844 5689 882 5742 At
899 5684 987 5757 probe

127 5769 395 5834 animadvertendum
414 5777 552 5834 catillum
569 5789 636 5849 proc
652 5775 782 5835 milvus
797 5774 929 5834 inmun
943 5775 989 5832 Bi·

127 5855 241 5920 liliorum
250 5861 468 5924 ordinariorum
481 5865 650 5937 editionem,
662 5881 736 5939 quac
747 5865 851 5938 prodiit
862 5865 986 5924 veneriis

129 5961 195 6008 auno
214 5957 311 6024 ross,
328 5970 398 6028 quae
416 5955 503 6018 editio
522 5957 606 6030 louge
623 5954 782 6016 nuditati
800 5955 864 6017 aliis
881 5967 989 6028 germa-
