4804 6692
452 517 506 590 XL
1207 517 1524 594 PllOLEGOllllllh

452 669 589 749 Sixtus
617 669 898 776 reprobavitne
925 671 1097 752 oblatam
1133 670 1450 752 emendationem
1475 701 1499 752 a
1522 672 1660 754 Carasa
1686 689 1898 779 antequam
1921 673 2065 780 praelis
2085 673 2262 756 tradere·

452 810 537 888 tur,
559 808 604 872 ut
625 794 794 874 innuere
814 792 974 874 videtur
999 795 1239 890 Ghislerius,
1260 823 1312 874 an
1336 823 1430 875 vero
1458 796 1533 876 fuit
1557 794 1735 876 eiusdem
1759 797 1983 900 impressio,
2005 824 2127 903 quae,
2148 799 2262 880 iuxta

452 917 746 1023 Tempestium,
773 918 1017 998 stomachum
1046 920 1168 997 movit
1196 918 1409 999 Pontifici?
1431 919 1472 998 Si
1499 919 1550 1000 de
1576 937 1779 1028 postremo
1806 919 2003 1025 agendum
2031 939 2111 1016 eet,
2139 938 2262 1029 typo·

453 1043 641 1148 graphica
670 1070 792 1147 opera
819 1041 1048 1122 huiusmodi
1078 1044 1208 1139 fuere,
1233 1043 1366 1149 qualia
1395 1071 1505 1122 nunc
1532 1045 1648 1123 etiam
1676 1044 2033 1150 deprehenduntur
2060 1046 2101 1123 in
2125 1045 2265 1125 Bibliis

453 1165 609 1244 sixtinis
636 1193 740 1272 qnae
767 1184 1002 1273 supersunt;
1029 1195 1113 1247 non
1141 1168 1408 1274 infrequentia
1436 1167 1617 1248 videlicet
1639 1185 1732 1248 sunt
1755 1169 1918 1266 menda,
1943 1197 2081 1249 verum
2109 1171 2262 1248 minimi

452 1287 690 1395 plerumque
718 1290 921 1368 momenti.
947 1290 1060 1389 Quae
1083 1292 1264 1395 graviora
1285 1311 1415 1386 erant,
1438 1310 1478 1370 et
1502 1295 1723 1400 periculum
1748 1295 2027 1398 intelligentiae
2054 1297 2261 1374 contextui

454 1439 587 1492 creare
614 1429 818 1519 poterant,
844 1412 976 1492 Sixtus
1002 1414 1089 1521 ipse
1115 1415 1340 1518 castigavit,
1367 1434 1406 1494 et
1433 1418 1622 1496 chartulis
1650 1419 1803 1523 glutine
1830 1419 2166 1525 superimpositis,
2192 1417 2263 1496 ad·

455 1537 611 1614 monuit
638 1535 843 1641 quomodo
864 1565 904 1616 se
927 1555 1033 1616 recta
1057 1539 1173 1616 lectio
1202 1539 1384 1636 haberet;
1411 1559 1504 1620 sunt
1526 1570 1622 1621 vero
1645 1544 1731 1622 loca
1754 1542 1983 1622 huiusmodi
2006 1546 2060 1622 ita
2084 1561 2261 1622 correcta

455 1687 539 1738 non
568 1661 671 1738 ultra
698 1660 879 1765 triginta;
907 1679 950 1740 ut
977 1688 1147 1767 pronum
1176 1664 1224 1742 sit
1245 1664 1485 1767 intelligere,
1507 1694 1590 1744 non
1618 1667 1671 1745 ita
1695 1667 1795 1746 male
1819 1666 1966 1746 Aldum
1991 1668 2187 1746 iuniorem
2210 1665 2263 1744 de

454 1782 529 1862 hac
555 1783 813 1889 impressione
842 1785 1049 1878 meruisse,
1078 1803 1122 1864 ut
1146 1787 1316 1890 graviter
1335 1786 1489 1865 Sixtum
1515 1786 1566 1865 V.
1593 1787 1825 1882 offenderit,
1852 1789 1921 1895 qui
1950 1788 2131 1894 profecto
2158 1791 2262 1866 Pon-

455 1906 552 1984 tifex
573 1935 657 1986 non
675 1906 860 2015 equidem
880 1906 1090 1988 emendare
1118 1911 1317 2014 sategisset
1340 1911 1416 1988 illis
1436 1913 1628 1991 chartulis
1653 1913 1990 1992 mendosissimam
2019 1909 2256 2006 editionem,

455 2030 487 2107 si
512 2029 599 2107 talis
624 2031 835 2124 extitisset;
859 2058 997 2110 verum
1019 2030 1345 2140 indignabundus
1370 2032 1474 2111 illam
1492 2063 1514 2112 a
1534 2063 1574 2114 se
1592 2035 1752 2143 penitus
1775 2034 2000 2132 abiecisset;
2026 2031 2126 2140 quid
2150 2061 2260 2112 nam-

455 2181 534 2261 que
562 2154 749 2235 intererat
774 2172 854 2233 tam
881 2156 1088 2235 insanabili
1117 2157 1258 2236 morbo
1283 2174 1361 2234 tarn
1382 2159 1563 2261 exiguam
1592 2159 1735 2239 afferre
1764 2158 1988 2238 medelam?
2011 2162 2070 2235 hn
2099 2153 2260 2236 aliunde
2391 2209 2392 2230 r

455 2295 675 2357 erratorum
703 2306 870 2359 numeru
897 2277 1023 2359 Biblia
1050 2281 1195 2358 sixtina
1223 2298 1417 2386 superant
1443 2280 1719 2360 clementinam
1746 2280 1990 2360 editionem?
2016 2279 2121 2360 Alibi
2149 2277 2258 2357 vide·

455 2399 601 2482 bimus.
628 2404 746 2482 Nunc
768 2404 818 2483 ad
841 2403 940 2483 illud
962 2402 1286 2510 respondendum
1310 2420 1385 2499 est,
1408 2405 1520 2512 quod
1542 2407 1667 2513 priori
1688 2405 1779 2484 loco
1803 2405 2054 2511 propositum
2080 2401 2173 2481 fuit:
2200 2429 2262 2480 re-

455 2525 541 2604 cole
566 2553 759 2623 canones,
781 2527 928 2635 quibus
951 2529 1086 2607 sixtini
1106 2547 1347 2608 correctores
1365 2530 1622 2608 inhaeserunt
1639 2534 1782 2637 (supra
1802 2527 1852 2608 ad
1877 2556 2032 2637 paragr.
2055 2528 2108 2604 V.
2121 2529 2156 2630 ),
2177 2554 2262 2606 eos·

457 2677 538 2756 que
557 2679 645 2730 cum
666 2653 788 2730 aliisa
809 2652 1011 2731 Pontificis
1030 2653 1313 2732 constitutione
1332 2656 1535 2733 Aeternns
1556 2655 1626 2731 ila>
1644 2681 1717 2759 per
1735 2679 1807 2731 nos
1831 2651 2030 2756 excerptis
2053 2677 2259 2756 compara3
2391 2717 2392 2722 ,

456 2773 590 2852 licebit
616 2774 710 2854 inde
741 2776 947 2882 colligere,
977 2775 1130 2855 diversa
1163 2778 1226 2854 via
1257 2793 1449 2883 utrosque
1483 2779 1684 2874 institisse3
1714 2774 1967 2883 proindeque
2002 2774 2262 2852 necessariam

455 2893 760 3007 discrepantiam
791 2901 1079 2980 Correctorinm
1108 2900 1347 2978 caralianum
1377 2903 1482 2980 inter
1507 2920 1546 2981 et
1572 2902 1755 2979 sixtinam
1789 2897 2004 2978 editionem
2032 2926 2115 2977 non
2145 2898 2262 2975 mira-

456 3021 574 3100 beris.
600 3021 784 3104 Cauones
803 3053 927 3134 porro
950 3023 1193 3121 istiusmodi,
1214 3024 1265 3106 ad
1288 3053 1463 3132 quorum
1486 3053 1664 3106 normam
1691 3053 1803 3104 suam
1826 3023 2021 3131 expressit
2044 3019 2262 3101 editionem

456 3138 609 3240 Sixtus,
636 3162 728 3226 octo
756 3165 1040 3226 numerantur:
1067 3149 1099 3224 l.
1124 3147 1216 3226 «Ut
1247 3147 1417 3253 Vulgata
1444 3167 1581 3244 vetus,
1610 3178 1661 3228 ex
1686 3147 1944 3227 Tridentinae
1977 3144 2119 3250 synodi
2147 3171 2263 3251 prae-

460 3301 480 3340 a
501 3267 673 3376 scripte,
698 3269 1037 3366 emendatissima,
1065 3273 1338 3377 pristinaeque
1366 3299 1459 3351 suae
1487 3273 1674 3378 puritati,
1700 3270 1829 3378 qualis
1855 3271 2030 3376 primum
2057 3268 2109 3347 ab
2136 3269 2262 3375 ipsius

460 3377 480 3466 a
502 3393 731 3501 interpretis
758 3421 879 3472 manu
906 3395 1079 3501 stiloque
1106 3392 1327 3500 prodierat,
1351 3396 1490 3502 quoad
1514 3397 1601 3474 eius
1616 3396 1715 3500 fieri
1736 3411 1890 3502 potest,
1916 3395 2098 3472 restituta
2125 3392 2262 3498 impri-

461 3532 655 3614 matur,
681 3547 765 3597 non
792 3536 836 3598 ut
864 3546 966 3598 nova
995 3517 1117 3598 editio
1146 3519 1189 3596 in
1215 3519 1343 3598 lucem
1372 3535 1500 3600 exeat.
1524 3552 1542 3593 a
1568 3521 1687 3598 Hunc
1713 3519 1838 3597 instar
1864 3516 2112 3598 fundamenti
2138 3515 2263 3594 totiu‘s

457 3639 746 3722 emendationis
774 3644 899 3724 voluit
926 3670 1030 3742 esse;
1057 3645 1208 3750 signate
1236 3671 1329 3723 vero
1358 3643 1619 3753 dixitquead
1644 3644 1731 3722 eius
1747 3644 1847 3748 fieri
1867 3659 2016 3750 potest,
2042 3667 2125 3747 quo
2152 3637 2261 3718 dicto

456 3789 530 3842 suo
557 3762 607 3843 ad
635 3769 871 3846 necessarias
897 3766 1068 3846 cautelas
1090 3796 1114 3846 a
1135 3766 1293 3846 criticae
1318 3768 1473 3874 legibus
1494 3769 1705 3874 imperatas
1724 3768 1918 3876 respexit3
1945 3764 2054 3844 unde
2081 3765 2262 3872 sequitur

457 3914 588 3966 canon
610 3889 661 3966 II.
686 3889 1068 3990 «Quemadmodum
1097 3890 1295 3972 laudabile
1322 3910 1398 3989 est,
1422 3894 1665 4000 ubicumque
1688 3893 1814 3972 nostri
1838 3889 1995 3970 codices
2019 3889 2094 3996 ipsi
2121 3914 2193 3996 per
2221 3901 2265 3999 se

460 4031 570 4091 aaut
600 4014 828 4112 conciliari,
861 4034 930 4095 aut
963 4017 1129 4123 intelligi
1163 4045 1245 4096 non
1281 4035 1477 4126 possunt,
1511 4017 1737 4122 linguarum
1774 4033 2030 4094 externarum
2065 4011 2265 4118 praesidia

458 4165 479 4217 a
501 4166 711 4248 quaerere,
739 4140 812 4238 ita,
833 4169 924 4220 cum
947 4141 990 4220 id
1012 4144 1274 4221 necessarium
1297 4171 1381 4222 non
1402 4159 1480 4236 est,
1501 4142 1707 4220 levissimis
1731 4138 1781 4218 dc
1806 4140 1934 4218 causis
1960 4137 2143 4216 ecclesiae
2165 4161 2261 4213 con·

459 4263 672 4344 »suetudo
702 4293 786 4344 non
820 4283 879 4345 est
906 4264 1143 4344 abiicienda.
1174 4264 1293 4345 Unde
1327 4282 1507 4362 veteres,
1538 4283 1577 4344 et
1608 4264 1660 4344 ab
1692 4264 1854 4344 ecclesia
1887 4263 2032 4369 recepti
2065 4257 2263 4367 loquendi

458 4423 478 4464 a
500 4387 607 4468 modi
634 4407 939 4486 conserventur,
964 4391 1294 4496 retineanturque
1313 4390 1478 4468 omnino
1495 4390 1685 4469 lectiones
1705 4388 1838 4466 multis
1856 4388 1899 4466 in
1917 4386 2077 4466 ecclesia
2095 4384 2147 4464 ab
2166 4385 2264 4464 hine

458 4545 479 4588 a
500 4513 666 4592 sacculis
684 4513 897 4593 usitatae.»
915 4515 1037 4594 Recte
1055 4513 1151 4592 hinc
1169 4513 1447 4624 animadvertit
1464 4513 1679 4622 Bukentop
1697 4515 1851 4622 (praes.
1870 4511 1927 4590 ad
1945 4511 2015 4590 lib.
2029 4511 2068 4589 3.
2078 4540 2126 4619 p.
2141 4509 2262 4614 316.)

454 4636 508 4715 ita
535 4654 734 4744 peractam
761 4635 882 4716 fuisse
908 4638 1091 4717 sixtinam
1119 4636 1355 4733 editionem,
1384 4656 1428 4716 ut
1449 4639 1742 4745 quamplurima
1767 4636 2090 4742 relinquerentur
2113 4635 2263 4715 intacta

455 4760 565 4838 iuxta
591 4759 800 4838 lectionem
828 4775 924 4839 tunc
951 4762 1139 4870 temporis
1172 4763 1295 4868 magis
1321 4786 1587 4839 communem.
1616 4760 1732 4840 Certe
1759 4760 1896 4866 itaque
1923 4785 2043 4866 qnam
2069 4756 2262 4864 praescri·

455 4900 588 4989 pserat
608 4883 682 4970 sibi
706 4883 831 4989 legem
851 4901 1045 4990 sequutus
1069 4903 1129 4964 cst
1150 4885 1348 4964 Pontifex.
1373 4885 1443 4962 lll.
1466 4913 1598 4964 canon
1621 4901 1699 4964 est:
1724 4917 1744 4958 a
1762 4884 1809 4962 ln
1831 4883 1906 4962 hac
1928 4882 2105 4986 germani
2127 4897 2261 4960 textus

459 5041 480 5081 a
500 5008 830 5114 pervestigatione
858 5007 1013 5086 nullum
1038 5027 1315 5114 argumentum
1343 5025 1402 5088 est
1432 5011 1580 5087 certius
1601 5037 1647 5088 ac
1672 5008 1824 5087 firmius
1851 5034 1972 5114 quam
1998 5007 2260 5112 antiquorum

460 5166 479 5204 a
499 5133 842 5240 probaturumque
870 5132 1054 5212 codicum
1080 5133 1294 5214 latinorum
1325 5149 1406 5212 tam
1437 5133 1716 5238 impressorum
1745 5159 1865 5240 quam
1900 5129 2260 5236 manuscriptorum

460 5291 479 5330 a
500 5256 611 5336 fides.
634 5259 682 5335 ln
700 5285 957 5365 quacumque
976 5259 1098 5362 igitur
1120 5257 1288 5336 lectione
1307 5257 1441 5363 plures
1460 5255 1835 5362 vetustioresatque
1859 5251 2148 5334 emendatiores
2169 5251 2261 5340 libri

459 5383 722 5461 »consentire
749 5382 1027 5489 reperiuntur,
1053 5409 1098 5460 ea
1121 5382 1207 5458 iure
1233 5381 1386 5487 optimo
1412 5397 1615 5486 tamquam
1638 5379 1864 5488 primigenii
1890 5393 2023 5456 textus
2044 5376 2164 5455 verba
2193 5391 2263 5454 aut

459 5505 562 5586 »his
586 5507 753 5585 maxime
775 5506 941 5584 finitima
963 5504 1172 5584 retinenda
1194 5524 1343 5592 sunt.»
1367 5503 1562 5611 Equidem
1586 5532 1670 5584 non
1693 5520 1826 5614 potest
1848 5530 1931 5580 non
1953 5497 2198 5607 deprehendi
2220 5499 2261 5576 in

454 5630 598 5708 sixtina
626 5627 802 5708 editione
821 5657 917 5706 cura
935 5628 1101 5706 sollicita
1128 5627 1328 5707 retinendi
1351 5629 1538 5709 lectiones
1566 5629 1669 5724 illas,
1691 5652 1795 5732 quae
1813 5625 1960 5703 horum
1976 5624 2260 5702 instrumento·

455 5781 544 5856 rum
572 5753 806 5862 auctoritate
833 5750 1118 5850 fulciebantur,
1141 5754 1212 5832 etsi
1236 5750 1411 5833 codicem
1440 5753 1643 5862 gothicum
1666 5751 1723 5854 (1)
1746 5777 1829 5828 non
1849 5749 1948 5829 tanti
1971 5747 2107 5870 fecerit
2127 5747 2260 5863 Ponti·¹

562 5919 600 5982 (t)
618 5913 747 5986 rnntttga
766 5912 949 5982 amiatinum3
974 5921 1057 5986 prom
1075 5913 1252 5987 prabanmus
1269 5915 1300 5974 in
1318 5923 1378 5973 not.
1398 5921 1425 5973 2.
1446 5915 1481 5974 ad
1501 5929 1566 5988 pag.
1586 5913 1688 5969 xxvt.
