4804 6692
472 495 590 569 lxxii
761 561 765 566 .
1215 498 1530 575 rtotuuoiiuiti

472 645 680 754 pungendi
708 647 883 745 ratione,
914 674 993 754 qua
1021 673 1160 726 sensus
1187 650 1270 756 ipse
1298 649 1468 730 afficitur
1494 665 1578 729 tum
1606 650 1716 730 Ruth
1745 651 1822 745 ΙΙΙ,
1859 677 1897 755 7.
1923 678 2077 734 comma
2103 681 2283 762 namque

471 789 564 877 post
591 801 617 850 a
638 772 812 878 pedibus
840 773 946 867 eius,
976 801 1059 852 non
1086 800 1181 850 vero
1204 791 1296 881 post
1318 774 1484 853 verbum
1505 773 1644 882 pullio
1671 773 1911 880 affigendum
1938 791 2016 874 est;
2043 793 2129 856 tum
2154 780 2280 860 Mare.

473 894 548 990 VI,
576 897 640 974 26.
663 895 733 974 ubi
760 897 974 975 sententiae
992 897 1168 976 membra
1191 898 1245 976 ita
1266 899 1568 1005 praecipiuntur
1591 898 1803 1004 distingui:
1826 900 2087 982 contristatus
2107 919 2165 981 est
2188 931 2283 982 rem:
2384 945 2385 950 ,

465 1038 632 1128 propter
657 1021 966 1116 iusiurandum,
992 1039 1064 1100 etc.
1089 1021 1203 1100 aliter
1230 1051 1275 1101 ae
1301 1023 1464 1101 fecerint
1491 1021 1663 1102 editores
1690 1023 1834 1102 horum
1858 1021 2079 1104 Bibliorum
2109 1023 2161 1106 de
2187 1055 2284 1134 pro·

472 1142 655 1250 paganda
681 1142 782 1224 fide:
814 1149 917 1251 quae
944 1173 1066 1252 porro
1095 1147 1213 1224 falsae
1240 1147 1446 1240 lectiones,
1467 1146 1520 1226 ad
1547 1147 1722 1253 singulas
1752 1175 1895 1254 prope,
1923 1149 2113 1254 repetitae
2140 1149 2284 1257 depre-

474 1267 708 1346 henduntur
731 1269 772 1346 in
796 1268 892 1348 edit.
914 1299 979 1347 an.
1002 1269 1287 1348 MDCCCXVI.
1315 1271 1496 1350 Viennae
1519 1272 1561 1348 in
1587 1273 1765 1365 Austria,
1788 1270 1857 1350 sed
1880 1271 1978 1354 falso
2001 1275 2203 1354 Romanis
2227 1294 2286 1381 ty-

471 1394 540 1501 pis
567 1393 807 1471 academicis
831 1392 1041 1500 adscripta.
1069 1393 1207 1472 Cetera
1234 1395 1418 1474 consulto
1446 1397 1678 1476 omittimus.
1708 1396 1829 1495 Quod
1853 1397 1885 1476 si
1910 1409 2002 1476 cuin
2027 1397 2285 1506 praecedenti

475 1517 618 1595 sixtina
646 1516 819 1596 editione
848 1519 1089 1623 comparatio
1118 1519 1207 1612 fiat,
1234 1535 1273 1597 et
1295 1520 1337 1596 in
1363 1520 1441 1599 hoc
1469 1537 1649 1627 respectu
1670 1519 1720 1599 de
1739 1521 1975 1600 clementina
1998 1525 2048 1600 sit
2069 1550 2219 1618 sermo,
2240 1524 2286 1601 il-

475 1639 547 1719 lud
566 1642 606 1718 in
634 1640 770 1748 primis
793 1640 1207 1736 animadvertendum,
1228 1671 1311 1750 quo
1335 1642 1385 1722 de
1408 1671 1499 1722 mox
1527 1642 1775 1740 dicebamus,
1799 1644 1953 1724 sublata
1977 1645 2095 1724 fuisse
2119 1645 2285 1753 quidem

476 1765 518 1842 in
536 1765 766 1844 universum
785 1766 928 1846 menda
947 1768 1201 1874 typographi,
1217 1796 1322 1846 nova
1340 1785 1471 1848 tamen
1491 1786 1619 1848 errata
1638 1768 1820 1850 admissa.
1841 1768 1996 1848 Deinde
2016 1770 2127 1850 frons
2144 1769 2284 1852 eadem

477 1906 536 1967 est
563 1917 652 1968 cunr
681 1891 745 1968 illa
773 1892 871 1970 Sixti
888 1891 951 1984 ¹V.
978 1919 1141 1996 nempe:
1168 1892 1308 1970 Bibliu
1333 1921 1450 1971 sacru
1476 1897 1519 1972 V
1518 1894 1681 1999 ulgutne
1706 1893 1900 1974 editionis
1926 1894 2041 1972 Sicci
2070 1897 2125 1973 V.
2154 1898 2282 1974 Pont.

476 2013 596 2092 Mna.
624 2015 738 2091 iussu
766 2016 966 2120 recognita
993 2031 1113 2121 atque
1140 2015 1260 2093 edita.
1290 2018 1443 2094 Romae
1468 2045 1518 2095 eac
1547 2018 1815 2124 typographia
1843 2018 2067 2126 apostolica
2094 2019 2283 2098 vaticana

478 2138 718 2216 MDXCII.
745 2137 961 2215 lllinutiora
989 2137 1062 2215 alia
1095 2141 1199 2216 circa
1230 2140 1389 2218 titulum
1412 2139 1554 2220 videsis
1582 2139 1690 2247 apud
1723 2147 1961 2248 Prosperum
1991 2140 2209 2220 Marchand
2242 2142 2284 2220 in

478 2263 810 2340 Amoenitatibus
830 2263 1033 2340 literariis.
1057 2262 1286 2341 Notandum
1312 2293 1433 2369 porro
1458 2282 1541 2342 tum
1564 2267 1606 2342 in
1628 2266 1722 2358 hac,
1744 2283 1827 2344 tum
1852 2265 1894 2343 in
1918 2266 2177 2373 sequentibus
2202 2263 2286 2343 edi·

479 2387 657 2465 tionibus
680 2389 827 2465 Romae
854 2385 1072 2480 adornatis,
1094 2386 1338 2466 includendo
1361 2390 1478 2467 etiam
1504 2389 1588 2468 illas
1612 2418 1734 2496 supra
1757 2407 2009 2500 memoratas,
2032 2418 2151 2470 unam
2176 2387 2286 2468 vide·

479 2509 570 2587 licet
597 2511 882 2589 Bartholomaei
909 2513 1091 2590 Zannetti
1118 2513 1366 2618 sumptibus,
1397 2514 1555 2591 alteram
1581 2514 1686 2620 typis
1714 2515 1911 2618 Congreg.
1944 2512 1995 2591 de
2022 2511 2286 2621 propaganda

480 2632 559 2712 fide
588 2634 826 2732 elaboratas,
853 2664 1038 2742 quaeque
1062 2653 1282 2742 postremae
1307 2638 1525 2715 extiterunt
1549 2665 1598 2716 ex
1617 2639 1792 2716 romanis
1818 2631 2083 2733 editionibus,
2104 2639 2286 2718 Clemen-

481 2758 532 2836 tis
551 2759 658 2835 Vlll.
681 2787 825 2837 nomen
846 2759 1078 2856 desiderari3
1101 2762 1214 2838 cuius
1237 2760 1400 2867 quidem
1424 2779 1516 2866 post
1539 2789 1686 2840 nomen
1706 2762 1806 2839 Sixti
1825 2761 1876 2840 V.
1899 2759 2020 2840 hodie
2041 2763 2286 2842 mentionem

479 2881 630 2960 faciunt
657 2882 850 2963 editiones
878 2901 1082 2990 quotquot
1109 2882 1337 2990 prodeunt;
1365 2881 1527 2990 primus
1547 2911 1742 2990 namque,
1772 2884 1883 2992 quod
1912 2887 2054 2978 sciam,
2085 2885 2126 2962 in
2155 2885 2289 2964 fronte

478 3004 697 3084 Bibliorum
722 3007 931 3085 Clementis
959 3036 1104 3086 nomen
1131 3009 1316 3112 apposuit
1339 3009 1554 3086 Antonius
1578 3011 1760 3087 Laurens
1786 3008 1898 3086 ouius
1926 3007 2149 3113 sumptibus
2179 3007 2286 3114 Lug-

484 3128 581 3207 duni
603 3129 788 3234 prodiere
805 3129 932 3208 Bibba
950 3131 1112 3233 Vulgata
1133 3131 1256 3208 latina
1275 3132 1405 3209 iri-fol.
1427 3159 1535 3208 anno
1554 3134 1790 3210 Mutixxv.
1808 3132 1863 3236 (ι)
1883 3131 1988 3208 Tum
2007 3129 2289 3235 negligendum

482 3281 565 3332 non
593 3270 667 3347 est,
689 3253 777 3330 loco
802 3254 1029 3358 prolixioris
1051 3255 1355 3332 Constitutionis
1379 3255 1546 3332 sixtinae
1569 3257 1771 3334 Aeternus
1799 3255 1888 3349 ille,
1913 3255 2144 3362 praemissas
2171 3253 2291 3333 fuisse

482 3377 623 3455 breves
649 3377 780 3454 literas
808 3377 1043 3483 apostolicas
1076 3375 1249 3455 eiusdem
1278 3378 1490 3455 Clementis
1519 3378 1627 3455 Vlll.
1659 3378 1917 3484 incipientes:
1951 3381 2056 3457 Cum
2085 3406 2291 3456 sacrorum

483 3501 730 3596 Bibliorum,
762 3499 870 3578 datas
894 3499 957 3578 die
986 3529 1093 3579 nona
1119 3499 1343 3578 novembris
1369 3500 1720 3580 limitelimite
1749 3527 1842 3579 vero
1870 3501 1986 3580 affixa
2015 3517 2073 3579 est
2101 3501 2292 3606 praefatio

483 3622 709 3702 Bellarmini
732 3623 773 3702 in
796 3653 876 3730 qua
900 3625 991 3702 satis
1014 3626 1194 3732 apposite
1215 3626 1315 3704 ratio
1339 3626 1503 3704 exhibiti
1528 3626 1569 3704 in
1594 3624 1633 3703 id
1658 3626 1859 3731 negotium
1882 3622 2028 3704 laboris
2049 3628 2290 3731 exponitur;

486 3747 600 3826 simul
628 3765 751 3828 status
779 3747 1035 3854 conditioque
1063 3749 1279 3854 praesentis
1311 3747 1498 3828 editionis
1526 3749 1628 3828 clare
1655 3750 1710 3826 ob
1739 3749 1876 3827 oculos
1908 3749 2069 3826 sistitur.
2099 3747 2295 3854 Sequitur

485 3900 593 3950 nune
619 3889 663 3950 ut
688 3873 781 3950 alias
807 3872 1068 3966 differentias,
1094 3871 1242 3980 quibus
1265 3873 1362 3951 haec
1386 3873 1436 3951 ab
1460 3873 1632 3951 editione
1658 3873 1801 3952 sixtina
1826 3872 1965 3968 distat,
1988 3899 2032 3950 ea
2054 3874 2211 3950 ratione
2235 3875 2297 3951 in-

486 3993 678 4088 dicemus,
700 4026 779 4103 qua
804 3998 976 4103 quisque
1000 3999 1104 4076 inter
1126 4014 1336 4103 utramque
1362 3997 1585 4076 discernere
1609 3999 1753 4098 valeat;
1779 3997 1893 4076 facile
1921 4025 2093 4103 namque
2117 4026 2140 4074 a
2162 3999 2296 4076 minus

486 4123 706 4200 exercitatis
725 4123 766 4198 in
785 4121 1012 4199 huiusmodi
1033 4149 1176 4227 genere
1200 4122 1393 4200 confundi
1418 4123 1562 4202 solent.
1592 4124 1826 4228 Paginarum
1850 4123 2005 4199 numeri
2031 4121 2106 4198 sibi
2130 4147 2297 4228 respon·

486 4244 580 4325 dent
613 4245 830 4352 utrobique
860 4243 912 4326 ad
945 4247 1036 4352 idq.
1068 4245 1279 4324 exclusive.
1314 4247 1520 4354 Namque,
1555 4265 1599 4325 ut
1629 4275 1701 4326 suo
1733 4231 2008 4371 loco¹dictum
2040 4245 2138 4339 fuit,
2171 4247 2296 4326 verba

489 4397 519 4447 s.
549 4369 801 4474 Hieronymi,
828 4396 930 4475 quae
959 4369 1063 4446 inter
1086 4397 1152 4446 vv.
1175 4369 1214 4446 3.
1237 4386 1275 4446 et
1300 4370 1340 4462 Δ.
1364 4398 1450 4476 cap.
1473 4371 1525 4446 Χ.
1553 4371 1728 4448 Estlreris
1751 4370 2063 4465 interseruntur,
2085 4369 2126 4446 in
2153 4369 2299 4448 sixtina

487 4491 662 4572 editione
689 4491 975 4571 desiderantur.
1003 4494 1140 4571 Cetera
1169 4494 1280 4571 utin
1309 4495 1492 4600 sequenti
1521 4495 1717 4574 schemate
1744 4492 1985 4602 procedunt.

594 4751 633 4814 (i)
652 4747 683 4801 ln
706 4744 866 4802 definienda
888 4753 977 4802 aetate
997 4759 1052 4818 qua
1074 4745 1164 4817 primo
1187 4743 1307 4800 editores
1326 4745 1356 4799 in
1428 4742 1509 4799 cuius
1531 4741 1623 4800 fronte
1643 4744 1747 4815 legitur
1767 4745 1945 4800 nucmritule
1965 4744 2044 4800 steti
2062 4747 2098 4800 V.
2118 4745 2147 4797 ei
2165 4740 2302 4798 Clemen-

490 4834 582 4890 Ironte
601 4835 755 4890 Bibliorum
777 4851 880 4890 nomen
898 4835 1050 4890 Clementis
1068 4841 1258 4906 apposuerunt
1276 4832 1358 4903 longe
1431 4835 1469 4887 iis
1485 4836 1568 4886 VIII.
1591 4834 1628 4888 Ex
1648 4834 1691 4890 iris
1706 4849 1769 4890 vero
1783 4831 1980 4890 concludimus
1999 4831 2088 4888 niulto
2106 4837 2171 4888 aute
2190 4844 2301 4886 annum

490 4922 525 4978 ah
544 4923 701 4990 Ungarellii
720 4925 856 4980 sententia
877 4923 980 4978 recedit
999 4925 1191 4980 Beneventum
1213 4939 1228 4978 a
1247 4920 1360 4992 lilagda·
1433 4929 1510 4978 1675.
1523 4921 1787 4993 editoresangatae
1799 4921 1932 4978 editionis
1944 4934 2046 4978 nomen
2059 4920 2301 4978 Clementisvlll.

491 5011 556 5067 loun
574 5019 639 5083 (op.
653 5015 701 5068 cii.
719 5015 786 5066 topi.
802 5019 828 5067 3.
844 5028 875 5083 p.
890 5017 952 5068 ssi.
963 5017 987 5079 ),
1000 5011 1049 5084 qui
1065 5011 1176 5067 scribit:
1192 5009 1266 5063 «Vix
1285 5009 1358 5064 circa
1431 5013 1461 5068 in
1480 5013 1562 5068 titulo
1583 5013 1726 5068 adiecisse.
1747 5014 1817 5083 Quis
1836 5020 1929 5069 autem
1944 5009 2016 5067 illud
2033 5011 2122 5083 primo
2140 5013 2306 5082 apposuerit

493 5124 506 5149 ι
527 5117 632 5156 annum
662 5109 763 5169 istu,
790 5114 896 5174 septem
925 5103 1058 5157 nimirum
1088 5102 1183 5157 lustris
1211 5099 1247 5154 ab
1273 5100 1361 5170 ipsius
1433 5101 1637 5172 incompertum
1657 5100 1738 5157 nobis
1756 5109 1806 5159 est.

493 5213 505 5240 ι
526 5191 695 5258 (Clementis
707 5193 801 5256 Viti.)
814 5191 909 5255 (iiiito,
922 5191 1014 5246 nescio
1030 5190 1110 5246 cuius
1124 5188 1287 5246 auctoritate
1302 5186 1360 5244 iue-
1539 5190 1678 5260 Quoniam
1698 5205 1754 5246 non
1774 5189 1860 5246 semel
1879 5198 1939 5246 tum
1956 5188 2232 5262 arganthonium
2252 5203 2305 5246 nos

493 5305 506 5330 ι
527 5281 564 5336 rit
583 5282 651 5337 haec
670 5284 724 5338 alin
744 5281 891 5354 inscriptio
910 5281 1042 5347 suffecta,
1060 5293 1187 5351 quaeque
1205 5285 1362 5350 perseverat
1433 5277 1486 5350 ipsi
1505 5276 1534 5333 in
1555 5278 1632 5334 hisce
1647 5278 1856 5350 Prolepcmeais
1871 5279 2051 5334 excitavimus
2069 5293 2140 5349 opus
2155 5279 2304 5334 Mnaseu-

493 5395 506 5422 s
526 5371 652 5443 adusque
674 5383 845 5446 praesentem
868 5373 961 5429 diem:
983 5371 1079 5429 utilia
1101 5387 1189 5427 sacra
1212 5370 1360 5442 Vulqaiim
1431 5375 1510 5423 turae
1529 5382 1544 5422 a
1563 5365 1747 5438 Magdalono,
1764 5382 1820 5422 non
1841 5367 1890 5424 ebs
1909 5365 2062 5424 revidetur
2080 5366 2142 5422 heic
2161 5364 2306 5422 declarare

494 5485 506 5511 s
527 5461 662 5516 editionis
676 5465 753 5520 Sinti
770 5467 805 5517 V.
819 5469 851 5518 Ρ.
868 5467 909 5517 Μ.
924 5466 1002 5516 iussn
1019 5463 1167 5532 recognita
1185 5463 1214 5514 ei
1230 5459 1362 5515 Clemen-
1433 5455 1526 5529 quoad
1552 5457 1663 5518 criticas
1688 5457 1866 5528 quaestiones
1890 5455 2075 5512 alienissimos
2100 5470 2154 5510 uos
2184 5469 2245 5510 esse
2270 5453 2306 5510 ab

494 5573 507 5600 ι
529 5550 566 5605 tis
585 5555 668 5605 VIII.
689 5554 867 5606 auctoritaie
886 5551 977 5606 edita.
993 5573 1004 5598 s
1019 5551 1076 5604 Nos
1097 5549 1150 5604 hoc
1167 5561 1255 5604 unum
1277 5555 1363 5602 testa·
1434 5545 1558 5602 eiusdem
1574 5545 1817 5610 conclusionibus:
1830 5559 1900 5615 quas
1913 5552 2005 5600 tamen
2020 5540 2244 5600 contemnendas
2258 5557 2308 5613 po·

494 5655 573 5707 mur,
595 5639 683 5694 Bilitio
707 5638 827 5706 Vulgata
851 5638 926 5694 edita
948 5637 1078 5693 Coloniae
1100 5637 1268 5708 Agrippinae
1287 5649 1362 5690 anno
1433 5634 1489 5692 tius
1507 5652 1591 5707 quam
1611 5633 1772 5692 refutandas
1791 5635 1961 5690 censuimus.
1982 5634 2088 5690 Omnes
2104 5631 2180 5688 enim
2200 5630 2306 5688 eruditi

496 5735 574 5784 iiiii.
594 5729 704 5800 aliaque
727 5727 821 5798 paucis
842 5736 904 5798 post
927 5729 1010 5783 annis
1032 5727 1157 5797 evulgata
1179 5725 1310 5797 Lugduni
1334 5724 1363 5782 iu
1435 5724 1487 5782 bac
1506 5725 1666 5796 praesertim
1686 5729 1776 5778 aetate
1791 5721 1853 5778 ilias
1869 5721 2067 5787 deseruerunt,
2083 5719 2216 5792 ultroque
2235 5736 2305 5778 cou-

495 5817 586 5872 tronte
610 5833 673 5889 prae
692 5831 721 5872 se
741 5815 813 5872 ferre
834 5815 985 5881 Clementis
1008 5831 1128 5883 nomen:
1147 5817 1235 5871 immo
1255 5817 1363 5872 Novum
1435 5814 1550 5872 litentur
1563 5827 1704 5870 summam
1718 5812 1852 5882 l'ulgatne
1867 5809 1998 5870 editionis
2010 5809 2178 5883 dignitatem
2192 5810 2308 5882 aequio-

496 5907 705 5963 Testamentum
728 5905 847 5963 vidimus
870 5903 976 5962 editum
1001 5906 1116 5964 Parisiis
1138 5921 1211 5963 anno
1236 5910 1313 5962 itti.
1332 5905 1363 5961 iu
1435 5904 1513 5962 ribus
1531 5901 1706 5975 argumentis
1723 5902 1892 5974 propugnari
1911 5915 2001 5978 posse.
