4804 6692
478 527 544 599 LIV
1225 523 1541 600 PllOLliGOIlIiNA

479 679 521 756 in
549 676 719 781 generali
746 675 1051 782 congregatione
1078 674 1215 754 habita
1242 672 1308 754 die
1336 673 1489 754 decima
1514 692 1623 754 sexta
1645 673 1772 754 martii
1797 670 1956 753 accidit.
1981 671 2164 780 Namque
2191 695 2282 750 curn

477 801 608 879 variae
626 801 669 878 in
687 826 733 878 ea
753 800 1004 906 quaestiones
1031 797 1198 878 fuissent
1220 799 1465 907 propositae,
1487 816 1527 879 et
1553 798 1731 879 unanimi
1757 813 1858 876 voto
1880 796 2096 894 resolutam
2119 794 2169 874 de
2186 793 2302 875 dua-·

477 925 555 1003 bus
582 923 787 1004 decretum
814 922 906 1019 tuit,
928 949 993 1004 eas
1011 920 1062 1002 ad
1082 950 1279 1002 summum
1299 922 1529 1004 Pontificem
1554 920 1794 1003 referendas.
1823 921 1937 1002 Prior
1960 919 2056 1000 haec
2084 919 2215 1000 fuerat
2234 947 2283 998 an
2395 991 2396 1016 ,

477 1047 583 1126 Gen.
606 1045 720 1141 VIII,
743 1074 808 1126 at.
831 1074 921 1124 cum
949 1046 1164 1154 exemplari
1191 1046 1410 1128 lovaniensi
1438 1046 1550 1154 quod
1576 1045 1750 1154 legebat:
1775 1045 2042 1152 odoratusque
2064 1061 2121 1123 est
2141 1045 2285 1124 Domi.

478 1199 558 1250 nus
573 1171 734 1250 odorem
752 1170 985 1264 suavitatis,
1006 1187 1044 1249 et
1061 1173 1122 1249 ait
1140 1171 1197 1250 ad
1211 1200 1327 1250 eum:
1353 1173 1623 1278 Nequaquam
1648 1187 1722 1249 etc.
1751 1167 2026 1276 reponendum
2052 1184 2153 1248 esset
2179 1165 2286 1247 istud

476 1295 534 1372 ad
550 1322 659 1389 eum,
685 1322 769 1401 quo
789 1292 1092 1374 carebat-editio
1111 1295 1256 1373 sixtina
1273 1296 1384 1373 iuxta
1405 1292 1522 1373 lidern
1541 1294 1718 1374 hebraici
1743 1291 1895 1372 fontis?
1917 1292 1975 1399 (1)
1997 1291 2188 1398 Negative
2210 1317 2287 1368 res·

476 1447 647 1526 pansum
674 1418 794 1497 fuisse
822 1447 844 1496 a
872 1419 1062 1522 Gregorio
1089 1417 1199 1496 XIV.
1225 1417 1443 1498 hodiernae
1471 1416 1664 1523 Vulgatae
1691 1417 1808 1496 lectio
1836 1417 1996 1496 evincit.
2028 1415 2160 1494 Altera
2187 1414 2287 1493 haec

475 1560 562 1622 erat
588 1543 791 1650 quaestio:
820 1570 917 1620 num
944 1540 1208 1649 relinquenda
1235 1546 1330 1621 Gen.
1358 1541 1544 1636 XLVIII,
1573 1545 1632 1621 15.
1659 1568 1736 1619 vox
1758 1540 1871 1646 filiis
1898 1540 1941 1618 in
1967 1539 2042 1618 hac
2068 1539 2285 1618 sententia:

477 1666 771 1774 Benedicitque
791 1666 911 1746 Iacob
920 1666 1033 1772 filiis
1056 1666 1224 1775 loseph?
1236 1667 1371 1772 (aliter
1392 1694 1564 1773 namque
1582 1685 1621 1746 et
1641 1665 1850 1746 hebraicus
1869 1681 2017 1758 textus,
2033 1680 2072 1742 et
2091 1660 2288 1742 editiones

476 1791 695 1870 nonnullae
725 1806 863 1869 contra
891 1790 1158 1870 lovaniensem
1185 1790 1389 1894 ferebant)
1416 1789 1700 1869 Affirmativam
1729 1789 1966 1869 sententiam
1988 1787 2123 1866 tulisse
2142 1787 2288 1892 Grego‘

477 1915 581 1992 rium
601 1931 766 1993 monent
783 1912 979 1993 hodierna
999 1915 1138 1994 Biblia.
1156 1913 1383 2021 Utrobique
1402 1932 1533 1993 autem
1554 1932 1593 1994 et
1612 1913 1707 1993 alibi
1727 1939 1893 2021 quoque
1914 1913 2098 1989 intentam
2117 1907 2288 1987 voluisse

478 2039 712 2118 Pontificem
738 2039 949 2118 lectionem
977 2067 999 2118 a
1026 2038 1137 2118 Sixto
1160 2037 1211 2115 V.
1236 2039 1463 2145 probatam,
1484 2038 1591 2118 illius
1613 2039 1788 2117 animum
1811 2064 1833 2114 a
1859 2035 2032 2145 partium
2058 2032 2192 2114 studio
2217 2036 2287 2112 im-

478 2188 639 2239 munem
665 2159 780 2241 valde
807 2158 1080 2257 commendat;
1111 2161 1311 2268 simulque
1343 2162 1624 2259 observamus,
1655 2161 1856 2267 iniquiora
1887 2158 2008 2238 luisse
2041 2157 2285 2264 privatorum

475 2285 742 2393 complurium
769 2284 936 2379 iudicia,
957 2302 997 2365 et
1019 2283 1151 2365 adhue
1178 2312 1282 2381 esse,
1304 2283 1413 2392 apud
1437 2312 1541 2391 quos
1564 2283 1664 2364 male
1682 2286 1726 2362 in
1745 2285 1975 2363 universum
2004 2280 2147 2360 sixtina
2165 2278 2290 2359 editio

473 2406 626 2504 audiit,
649 2407 764 2515 quasi
792 2409 981 2516 proprio,
1006 2427 1051 2488 ut
1078 2409 1210 2505 aiunt,
1232 2426 1375 2503 marte,
1397 2409 1592 2516 nulloque
1615 2407 1796 2488 adhibito
1825 2405 1974 2486 iudicio
1996 2405 2132 2484 Sixtus
2156 2430 2290 2484 emen-

476 2531 610 2614 dasset
632 2533 859 2640 Vulgatam.
886 2534 967 2633 Qui
986 2550 1117 2612 tamen
1136 2534 1167 2613 si
1188 2533 1367 2639 aequiori
1391 2533 1523 2612 animo
1547 2561 1630 2612 rem
1648 2531 1971 2641 perpendissent,
1993 2529 2290 2637 volvissentque

476 2659 520 2736 in
549 2676 680 2739 mente
693 2659 828 2764 ,circa
850 2659 1010 2766 negotia
1038 2657 1267 2738 huiusmodi
1296 2685 1399 2764 quae
1417 2675 1458 2737 et
1477 2659 1519 2736 in
1538 2685 1578 2736 se
1597 2655 1770 2737 difficilia
1795 2672 1911 2751 sunt,
1932 2672 1973 2734 ct
1988 2681 2013 2734 a
2031 2655 2166 2734 critica
2191 2681 2290 2762 pen·

474 2781 601 2881 dent,
631 2782 715 2864 lieri
743 2811 827 2863 non
855 2809 998 2889 posse,
1029 2799 1074 2861 ut
1101 2811 1183 2862 uua
1210 2783 1261 2862 sit
1288 2783 1467 2861 omnium
1495 2783 1714 2876 sententia,
1745 2783 1887 2888 utique
1915 2778 2062 2860 iudicia
2089 2779 2291 2860 cohibuis-

472 2921 584 3002 sent,
611 2933 686 2986 nec
712 2923 806 2986 ante
834 2904 1085 2986 damnassent
1106 2907 1208 2985 tenti
1234 2905 1435 2984 Pontificio
1460 2931 1564 3012 opus
1588 2931 1707 3012 quarn
1732 2903 1908 2986 eiusdem
1931 2933 2050 2984 causa
2075 2903 2290 2984 discutere·

476 3048 543 3109 tur
562 3047 709 3112 attente
727 3032 798 3136 (a).
824 3031 1007 3111 Profecto
1026 3059 1101 3110 nos
1123 3057 1256 3138 neque
1275 3029 1463 3110 sixtinam
1484 3031 1594 3109 omni
1612 3057 1662 3108 ex
1680 3047 1794 3137 parte
1812 3030 2035 3110 absolutam
2055 3028 2289 3123 delinimus,

477 3182 612 3262 neque
639 3183 728 3234 eum
758 3156 833 3234 hac
860 3153 1077 3234 editionem
1104 3155 1382 3235 clementinam
1410 3154 1704 3234 committimus.
1736 3155 1888 3235 Etenim
1917 3181 2162 3262 quamquam
2189 3151 2292 3230 nulli

475 3278 646 3360 dubium
670 3305 753 3358 esse
778 3276 941 3374 debeat,
963 3277 1120 3358 diversa
1144 3276 1333 3359 methodo
1356 3277 1576 3358 elaboratas
1599 3279 1704 3385 ipsas
1726 3276 1940 3374 editiones,
1963 3295 2136 3386 utraque
2157 3295 2291 3357 tamen

475 3401 690 3484 methodus
722 3429 797 3482 suo
828 3430 910 3481 non
940 3418 1046 3483 caret
1073 3403 1239 3482 omnino
1267 3399 1556 3497 fundamento;
1588 3403 1749 3509 utrique
1776 3401 1948 3511 proinde
1980 3431 2053 3483 sua
2083 3403 2169 3482 laus
2200 3420 2290 3498 est,

476 3529 710 3638 praesertim
737 3554 830 3606 cum
856 3525 1001 3606 nullibi
1030 3539 1099 3606 aut
1126 3525 1225 3606 fides
1250 3543 1320 3605 aut
1345 3553 1473 3605 mores
1501 3525 1543 3603 in
1566 3523 1775 3607 discrimen
1800 3543 2009 3610 vocentur.
2034 3527 2194 3607 bibenti
2220 3526 2293 3632 igi-

477 3669 545 3732 tur
572 3651 706 3730 animo
734 3665 910 3728 nostram
938 3649 1041 3728 hanc
1068 3647 1318 3731 collationem
1347 3650 1391 3728 in
1418 3648 1548 3728 lucem
1576 3649 1810 3746 emittimus,
1832 3679 1905 3760 per
1932 3677 2054 3759 quarn
2079 3651 2292 3755 utriusque

473 3775 665 3858 editionis
688 3775 910 3854 Auotorum
932 3772 1056 3854 lamae
1081 3772 1324 3872 consulitur;
1349 3773 1464 3852 simul
1490 3791 1530 3853 et
1552 3774 1895 3858 heterodoxorum
1916 3776 2090 3885 ineptiae
2114 3802 2294 3882 arguun-

478 3919 564 4000 tur,
589 3904 683 3985 lioet
708 3933 731 3984 a
757 3902 1003 3984 nostratibus
1024 3899 1274 3999 iamdudum,
1295 3903 1347 3982 ab
1369 3904 1544 3983 Henrico
1563 3901 1779 4009 Bukentop
1803 3901 2036 4010 praesertim
2058 3901 2102 3979 in
2121 3927 2195 3982 suo
2220 3917 2293 3976 uu

478 4047 580 4108 ‘mm
609 4029 768 4108 illorum
796 4027 962 4108 audacia
989 4043 1124 4106 retusa
1152 4026 1285 4106 luerit.
1317 4029 1531 4134 Postquam
1558 4023 1729 4104 vidimus
1757 4026 1800 4103 in
1829 4051 1913 4132 quo
1940 4023 2156 4104 Ordinaria
2183 4050 2208 4102 a
2235 4025 2295 4102 lo-

477 4154 724 4235 vaniensium
752 4151 892 4234 Bibliis
918 4151 1169 4259 discrepent,
1196 4169 1237 4232 et
1264 4180 1348 4261 quo
1376 4179 1493 4232 sensu
1523 4148 1686 4258 intelligi
1713 4147 1857 4230 debeat
1884 4148 2126 4256 praescripta
2154 4147 2295 4253 regula

477 4277 808 4373 fundamentalis,
839 4277 970 4358 latiori
1004 4276 1175 4376 scilicet,
1206 4275 1258 4356 de
1292 4275 1528 4356 revocandis
1559 4275 1696 4355 Btbliis
1728 4275 1882 4354 sixtinis
1914 4271 1963 4353 ad
1995 4271 2223 4351 Ordinatio
2256 4289 2294 4349 et

473 4404 711 4512 praesertim
741 4401 1010 4498 lovaniensia,
1036 4400 1087 4480 ad
1115 4399 1215 4481 illud
1242 4427 1351 4480 nune
1379 4398 1604 4480 accedimus
1628 4399 1797 4508 propius
1822 4395 2153 4492 examinandum,
2176 4393 2291 4503 quod

477 4529 611 4610 relatis
638 4556 759 4636 supra
787 4528 970 4638 quinque
996 4523 1221 4607 canonibus
1248 4525 1492 4606 continetur.

1280 4710 1317 4810 g.
1346 4707 1492 4786 xvim.

739 4871 959 4952 Curionum
984 4871 1242 4977 gregorianae
1267 4868 1586 4978 congregationis
1614 4896 1712 4949 usur
1739 4885 1776 4947 et
1803 4867 2035 4950 oeconomia

1125 4995 1169 5073 in
1198 4992 1348 5072 Bibliis
1374 4991 1646 5071 clementinis.

585 5157 779 5252 Primum,
807 5155 949 5234 ablata
972 5154 1219 5235 restituenda
1237 5181 1318 5233 esse
1335 5151 1400 5233 hic
1424 5151 1682 5262 praecipitur.
1710 5151 1858 5232 Verum
1883 5151 1985 5262 quid
2001 5153 2139 5234 Sixtus
2161 5155 2295 5234 abstu-

478 5281 585 5374 lerit,
614 5278 727 5386 quod
755 5277 919 5388 quidem
951 5279 995 5357 in
1026 5278 1248 5359 lovaniensi·
1275 5278 1396 5359 fuerit
1423 5276 1616 5375 editione,
1644 5278 1721 5357 iam
1752 5305 1875 5386 supra
1906 5278 2108 5384 tetigimus
2135 5280 2295 5386 agendo

478 5405 528 5485 de
555 5404 680 5513 ipsius
706 5430 860 5484 canone
887 5405 1070 5510 septimo.
1099 5400 1401 5483 Advertendum
1430 5430 1552 5511 porro
1582 5403 1883 5510 hieronymiana
1910 5404 2085 5498 monita,
2117 5431 2223 5512 quae
2252 5407 2293 5483 in

582 5587 621 5653 (t)
641 5583 796 5642 Hebrairus
808 5590 900 5642 textus
914 5598 973 5641 non
986 5581 1071 5641 habet
1081 5583 1220 5653 adeam,
1232 5581 1281 5640 sed
1295 5581 1346 5638 ali·
1525 5589 1563 5654 (t)
1581 5583 1707 5643 conferri
1727 5595 1839 5658 quoqne
1858 5589 1950 5656 potest
1966 5583 2040 5641 eirea
2057 5582 2131 5640 hanc
2148 5582 2292 5657 quaestio·

476 5674 546 5748 quid
565 5673 689 5747 amplius
704 5688 789 5748 quam
805 5674 944 5746 vulgatus
960 5673 1097 5747 interpres
1113 5671 1211 5743 habet,
1224 5670 1259 5728 de
1274 5686 1346 5745 quo,
1418 5689 1484 5732 nem
1507 5673 1620 5732 libellus
1642 5673 1793 5746 inserimus
1820 5677 1940 5730 Lettera
1965 5671 2149 5746 opoloqettea
2174 5675 2295 5728 intorno

478 5771 586 5836 praeter
605 5779 637 5822 ea
653 5779 726 5837 quae
743 5762 870 5821 adhunc
888 5763 983 5820 Iocum
1002 5761 1211 5831 adnotavimus,
1225 5759 1344 5819 oonieni
1417 5763 1481 5820 alia
1499 5763 1629 5821 edizione
1640 5760 1727 5834 satta
1740 5764 1771 5817 ia
1784 5766 1874 5819 Roma
1891 5760 2146 5836 perennandum
2161 5763 2240 5819 State
2255 5765 2291 5816 1'.

478 5859 595 5921 nonum
603 5851 747 5910 Analecta
758 5853 833 5910 iuris
840 5851 1245 5926 pontistetidtomaettisp.
1257 5855 1348 5932 1³³4„
1420 5852 1500 5910 della
1518 5853 1649 5926 Vulgata
1674 5850 1771 5908 latina
1790 5850 1896 5908 Ianne
1921 5855 2019 5920 tatu,
2036 5849 2129 5908 editus
2155 5849 2293 5920 lovanii,

473 5937 527 5994 ubi
547 5937 583 5996 de
600 5939 654 5998 hae
670 5941 834 6014 quaestione
851 5939 934 5998 rerba
951 5937 1080 5998 fecimus.
1422 5955 1500 5998 anno
1520 5945 1599 5996 1⁷54.
