4746 6676
458 493 503 573 80
850 515 852 519 ·
1127 497 1302 572 uanasls
1327 495 1420 572 CAP.
1442 495 1562 572 xxm.

463 649 539 724 cod.
557 649 596 736 ll,
617 664 650 722 et
674 663 752 722 vett.
770 647 849 721 edd.
865 646 1119 748 quadrinpentoa
1139 647 1236 720 siclos
1257 674 1314 719 ar-

456 768 566 864 penti5
590 764 689 839 codd.
713 764 758 852 G,
783 765 831 851 H,
857 765 879 835 S
906 762 1160 862 quadrinqentos
1184 763 1316 862 arpenti

457 881 565 953 siclos.
584 912 601 950 n
611 879 845 977 congregatio,
863 879 910 953 ait
926 881 1035 954 Rooca
1051 881 1078 965 l,
1093 881 1159 950 stt
1169 936 1193 966 .,
1208 877 1312 952 verbo

460 1028 478 1063 n
495 997 583 1068 ualet
602 995 746 1096 pretium
765 995 800 1065 in
818 993 965 1068 ablativo
985 979 1214 1094 reponendum
1233 1019 1312 1066 oen·

459 1141 476 1180 n
495 1111 582 1198 suit;
604 1111 764 1212 quoniam
787 1110 930 1208 pretium
956 1111 992 1182 in
1018 1127 1113 1182 sexto
1133 1133 1215 1181 casu
1240 1108 1313 1182 cui-

460 1255 477 1292 »
494 1249 640 1328 cumque
654 1225 757 1297 verbo
774 1223 980 1323 frequentius
997 1222 1068 1296 dari
1087 1222 1183 1297 solet.
1195 1253 1212 1292 »
1225 1222 1311 1296 Hinc

457 1339 593 1413 Toletus
621 1339 756 1413 scribit:
778 1340 893 1435 «Lege
915 1337 1163 1435 quadringentis
1184 1338 1314 1435 arpenti

462 1486 479 1524 »›
495 1456 607 1539 siclis‚·
635 1455 685 1526 sic
710 1452 949 1550 Congregatio:
975 1453 1130 1551 quamvis
1155 1450 1308 1551 Compl,

461 1571 593 1666 »Heg.,
610 1567 730 1641 Ordin.
748 1568 883 1666 aliaque
904 1567 1071 1665 impressa
1091 1565 1203 1662 legant
1221 1581 1258 1638 ut
1276 1565 1310 1636 in

460 1716 478 1752 n
496 1699 588 1758 textu
618 1683 721 1779 (Sinti
746 1683 824 1778 V.).
854 1685 972 1782 ltaque
1002 1682 1202 1779 legendum
1232 1707 1310 1753 nam

461 1831 477 1868 n
495 1799 593 1872 bebr.
623 1816 655 1872 et
680 1823 820 1894 graecus
847 1798 893 1870 ita
917 1798 1062 1895 legunt»
1082 1797 1190 1892 (sic).
1220 1796 1311 1868 Haec

458 1916 575 1989 eadem
597 1914 703 1987 Tolcti
728 1913 831 1987 verba
854 1913 1025 2012 adscripta
1046 1927 1125 1986 sunt
1149 1910 1192 1983 ad
1217 1934 1310 1983 oram

457 2029 659 2130 exemplaris
675 2029 762 2102 Bibl.
780 2031 887 2101 rtet.
905 2028 995 2128 quod
1016 2028 1078 2100 fuit
1097 2026 1214 2123 Angeli
1231 2027 1311 2099 lloc·

458 2171 511 2219 oa.
522 2146 643 2218 Verum
661 2145 792 2232 sixtini,
809 2144 884 2216 ood.
899 2145 936 2230 P,
954 2143 1072 2216 Glossa
1086 2141 1309 2214 interlinearis

458 2261 585 2335 habent
602 2261 849 2362 quadrinpcntis
869 2261 963 2332 siclis
983 2262 1122 2358 arpenti.
1141 2256 1312 2353 Gregoria-

459 2375 494 2447 ni
521 2393 649 2468 autem,
667 2374 766 2448 codd.
783 2374 822 2462 Α,
839 2375 877 2460 C,
897 2374 939 2461 D,
956 2375 996 2462 E,
1016 2375 1053 2460 F,
1074 2376 1115 2461 N,
1132 2375 1169 2459 Τ,
1191 2373 1306 2468 Hugo,

460 2489 633 2578 llabanuS,
652 2489 828 2562 Guibertus
847 2489 1095 2588 quadringentis
1117 2489 1247 2586 arpenti
1267 2488 1312 2558 si-

458 2606 536 2691 clis;
561 2622 594 2678 et
620 2605 667 2678 ita
688 2605 869 2704 scripserat
894 2606 1001 2676 Rooca
1023 2605 1066 2676 ad
1091 2629 1197 2700 marg.
1220 2601 1306 2673 Hibl.

459 2724 584 2808 1590.;
601 2721 662 2793 sed
681 2721 806 2794 ibidem
824 2721 973 2796 secunda
993 2746 1095 2791 manu
1112 2719 1309 2817 rescriptum

461 2836 743 2934 «quadrinqentis
764 2837 855 2907 siclis
874 2837 1015 2936 arpenti.
1033 2835 1071 2906 P.
1088 2834 1267 2908 Toletns.»
1311 2875 1316 2882 -

508 2955 565 3023 16.
583 2950 965 3049 Ephron—Hieronym.
982 2949 1006 3021 l.
1024 2975 1055 3022 o.
1077 2949 1142 3020 nln
1165 2949 1311 3024 hebraeo

460 3099 477 3136 n
494 3067 640 3166 primum
656 3066 815 3138 scribitur
829 3049 981 3165 Ephron,
998 3064 1075 3138 beio
1095 3081 1206 3138 autem
1224 3067 1313 3164 ler-

461 3214 478 3252 »
495 3210 570 3255 ran.
593 3184 774 3281 Postquam
799 3183 888 3254 enim
915 3182 1023 3281 pretio
1047 3182 1157 3256 victus
1185 3197 1254 3268 est,
1276 3195 1313 3254 ut

460 3283 699 3396 »sepulcrum
713 3279 873 3370 venderet
894 3313 1048 3393 argento,
1074 3296 1153 3370 licet
1173 3313 1312 3394 cogente

461 3443 479 3480 n
496 3412 682 3499 Abrabam,
698 3439 764 3485 aaa
784 3410 909 3498 littera,
926 3437 1014 3512 quac
1037 3411 1128 3510 apud
1152 3411 1228 3486 illos
1251 3437 1312 3512 pro

462 3555 478 3596 n
496 3526 666 3623 elegitur,
683 3526 794 3599 ablata
811 3525 855 3599 de
871 3527 945 3599 eins
963 3526 1099 3599 nomine
1114 3543 1185 3615 est;·
1200 3544 1233 3600 et
1251 3555 1312 3626 pro

461 3625 648 3740 »Ephron
675 3627 863 3742 appellatus
889 3659 942 3716 est
966 3643 1117 3742 Epiron.
1138 3644 1221 3715 »Ex
1247 3643 1311 3718 boo

459 3741 659 3864 Hieronymi
676 3743 866 3830 testimonio
888 3757 998 3866 (quod
1017 3759 1160 3833 recitant
1176 3787 1312 3863 quoque

457 3873 548 3948 Beda
570 3874 622 3960 Ill,
640 3876 738 3960 321,
760 3873 937 3961 llabanus,
959 3875 1180 3971 Angelomus,
1201 3877 1312 3948 Hemi-

458 3987 549 4092 gius
565 3989 711 4074 antiss.,
741 3989 934 4087 Rupertus)
969 4007 1085 4062 auctor
1114 3975 1310 4064 Corrcctorii

458 4103 548 4202 quod
570 4101 735 4176 babemus
762 4103 796 4174 in
821 4104 944 4176 codll
971 4089 1149 4200 legendum
1175 4121 1312 4178 conten·

458 4215 508 4289 dit
527 4215 685 4314 Ephrem
702 4234 803 4317 atque
829 4217 875 4289 ita
899 4216 1015 4314 legunt
1034 4217 1132 4290 codd.
1150 4219 1193 4306 H,
1219 4220 1253 4290 S.
1270 4219 1312 4292 At

461 4348 623 4431 repugnat
647 4332 723 4405 cod.
741 4335 780 4419 N,
810 4357 872 4405 nec
899 4359 1189 4432 supervacaneum
1214 4335 1311 4408 duci-

464 4473 539 4519 mus
565 4447 716 4521 eiusdem
742 4447 892 4521 criticam
915 4461 1028 4521 notam
1049 4447 1126 4520 heic
1149 4448 1307 4522 recitare:

461 4593 479 4630 n
495 4563 687 4651 Hebraeus,
716 4579 748 4637 et
779 4564 929 4664 antiqui,
959 4580 992 4636 ct
1017 4589 1158 4662 graecus
1186 4551 1311 4638 babent

462 4707 479 4744 »
494 4677 645 4775 Ephron,
663 4704 728 4751 non
743 4677 902 4777 Hpbran:
916 4703 978 4752 nec
997 4680 1087 4776 cogit
1104 4679 1220 4752 notula
1235 4679 1312 4752 Hie·

460 4821 477 4858 n
495 4793 626 4892 ronymi
650 4818 859 4866 communem
883 4792 1044 4880 litteram,
1066 4819 1168 4895 quam
1195 4810 1311 4892 postea

460 4938 476 4975 n
495 4907 568 5009 ipse
584 4895 776 4996 transtulit,
787 4908 977 4994 destruere;
996 4908 1147 5008 alioquin
1164 4933 1240 4981 oum
1258 4935 1312 4982 su·

460 5053 476 5092 n
495 5024 611 5122 perias
632 5009 741 5119 (lllll3,
760 5025 814 5118 2.)
833 5023 957 5096 dixerit
974 5024 1064 5122 quod
1082 5023 1241 5098 hebraica
1257 5051 1313 5099 ve·

459 5169 476 5206 n
494 5138 577 5210 ritas
604 5165 671 5212 non
697 5138 800 5212 habet
824 5155 894 5212 erat
919 5140 1085 5211 Abrabam
1109 5141 1220 5226 diues,
1251 5142 1311 5214 sed

459 5286 476 5324 n
492 5257 622 5360 praeis,
636 5255 842 5329 destruimus
859 5255 950 5357 quod
965 5255 1090 5329 dicitur
1104 5255 1206 5342 dives,
1219 5258 1310 5355 quod

460 5371 570 5468 »ipse
591 5387 710 5469 postea
731 5371 918 5458 transtulit;
939 5385 972 5445 et
991 5371 1059 5444 alia
1081 5371 1227 5444 infinita.
1249 5374 1312 5446 lle-

459 5488 589 5587 »quire
608 5488 643 5560 in
664 5487 819 5586 originali
844 5486 945 5562 buius
972 5490 1097 5588 operis.
1121 5488 1310 5562 Notandum

459 5632 476 5670 n
493 5619 545 5676 est
562 5619 674 5676 autern
693 5605 785 5703 quod
805 5603 973 5678 hebraeus
991 5631 1052 5704 pro
1071 5631 1089 5676 o
1107 5603 1233 5692 littera,
1250 5605 1313 5677 uti-

459 5731 549 5788 »tur
566 5744 633 5791 oon
655 5718 784 5792 littera:
804 5735 1035 5792 verumtamen
1059 5746 1163 5818 penes
1181 5735 1314 5821 puncta

461 5831 621 5907 »residet
644 5849 734 5908 totus
756 5861 879 5924 sonus3
903 5835 993 5908 unde
1014 5835 1151 5934 quando
1176 5834 1217 5908 ad
1244 5834 1314 5908 col-

1393 645 1496 721 »lum
1519 645 1649 722 litterae
1674 664 1835 747 punctum
1862 663 1998 748 aptatur
2021 666 2119 725 sonat
2144 651 2181 723 in
2208 677 2239 724 o.

1393 763 1567 863 »Propter
1591 765 1682 862 quod
1707 789 1784 836 cunr
1810 764 1846 836 in
1868 765 1935 838 isto
1960 763 2079 854 uerbo,
2104 756 2247 866 propter

1391 877 1708 984 »imperfectionem
1734 880 1924 980 Ephronis,
1943 907 2011 952 aaa
2027 880 2138 954 littera
2160 879 2244 953 sub-

1392 1020 1409 1060 »
1426 991 1578 1064 trabatur
1594 993 1724 1066 nomini
1744 994 1835 1082 eius,
1853 993 2013 1068 remansit
2031 1011 2143 1067 umen
2162 1020 2246 1093 pun-

1391 1133 1409 1176 n
1426 1120 1515 1178 otum
1531 1093 1647 1182 vocale
1665 1135 1683 1180 a
1699 1109 1741 1182 ad
1760 1107 1883 1182 collum
1901 1135 1970 1182 rere
1986 1110 2134 1197 litterae;
2152 1110 2246 1182 unde

1391 1249 1408 1290 »
1424 1236 1457 1294 et
1477 1221 1587 1310 bebr,
1603 1239 1636 1296 et
1656 1249 1814 1320 graecus,
1831 1241 1865 1297 et
1883 1223 2014 1324 antiqui
2039 1224 2166 1298 babent
2187 1225 2245 1297 bio

1391 1364 1408 1404 n
1424 1336 1570 1433 Ephron.
1601 1339 1763 1412 Probatur
1787 1341 1887 1412 etiam
1917 1339 2009 1438 quod
2037 1366 2143 1414 sonus
2174 1366 2243 1413 non

1390 1450 1622 1524 »immutatur
1647 1453 1719 1540 bio,
1744 1453 1826 1552 quia
1852 1453 1939 1526 inira
1964 1455 2059 1525 XXV.
2086 1458 2146 1549 (v.
2174 1459 2240 1549 9.)

1391 1595 1407 1634 »
1424 1565 1545 1663 legitur
1565 1568 1717 1665 Ephron,
1735 1569 1813 1642 licet
1834 1569 2006 1642 subtracta
2024 1595 2091 1641 oca
2111 1567 2244 1642 scriba-

1391 1709 1409 1750 »
1427 1695 1498 1768 tur;
1517 1682 1671 1756 similiter
1692 1684 1779 1757 inlra
1797 1685 1910 1756 XLIX.
1929 1689 1982 1780 (v.
2000 1685 2117 1779 29.)»

1437 1796 1523 1868 lbid.
1547 1797 1803 1896 quadrinpentos
1829 1801 1925 1872 siclos
1950 1801 2082 1896 arpenti
2093 1797 2239 1873 -tou

1388 1911 1427 1998 R,
1447 1911 1533 1983 Hibl.
1554 1912 1691 1998 Ordin.‚
1712 1915 1879 2014 liupertus
1902 1913 2159 2012 quadringentos
2184 1939 2243 1986 ar-

1386 2027 1477 2123 penti
1499 2027 1607 2098 siclos.
1640 2026 1722 2100 Cod.
1752 2029 1797 2114 P,
1826 2028 1944 2125 Hugo,
1969 2053 2087 2124 margo
2113 2027 2238 2102 Ordin.

1388 2141 1636 2239 quadringentis
1655 2145 1747 2217 siclis
1767 2147 1908 2242 arpenti.
2121 2239 2124 2246 Ι

1436 2255 1523 2328 lbid.
1547 2257 1705 2354 probatae
1730 2274 1873 2330 monetae
1898 2257 2054 2356 publicae
2071 2301 2120 2313 —
2137 2257 2246 2332 Hisce

1386 2371 1500 2445 verbis
1535 2374 1749 2472 praemittunt
1783 2363 1982 2474 particulam
2016 2389 2048 2446 et
2078 2374 2179 2446 codd.
2217 2375 2244 2444 Α

1388 2486 1423 2556 2.
1449 2513 1512 2574 m.,
1532 2488 1575 2574 H,
1597 2489 1636 2574 ll,
1657 2490 1691 2575 S,
1712 2487 1827 2585 Hugo,
1852 2490 2032 2589 liupertus.
2058 2490 2189 2586 Legunt
2213 2503 2245 2559 et

1386 2602 1518 2696 probati
1540 2619 1682 2676 monetae
1705 2604 1856 2701 publicae
1884 2602 2030 2677 coddll
2056 2606 2091 2675 1.
2113 2629 2178 2687 m.,
2200 2601 2240 2688 C,

1386 2715 1429 2802 D,
1451 2717 1491 2802 H,
1513 2719 1549 2803 P,
1570 2719 1609 2804 N,
1632 2719 1699 2789 N‘l
1718 2721 1832 2804 2.m.‚
1854 2718 1897 2804 Ο,
1919 2720 1945 2788 Τ
1971 2722 2071 2791 l.m.
2095 2716 2245 2812 (babent

1389 2856 1524 2931 quoque
1544 2833 1680 2932 probati
1698 2831 1798 2906 codd.
1815 2834 1839 2905 L
1863 2835 1920 2928 l.)
1947 2833 1997 2905 Ad
2018 2833 2107 2905 banc
2126 2830 2245 2906 lectio·

1389 2971 1465 3020 nem
1495 2948 1571 3022 ood.
1595 2950 1621 3020 N
1648 2949 1807 3022 adnotat:
1828 2949 1975 3022 »Potest
2002 2948 2093 3047 quod
2118 2946 2246 3020 dicitur

1391 3077 1566 3136 »nwnetue
1587 3065 1740 3162 publicae
1766 3089 1843 3138 osse
1868 3091 1936 3139 non
1961 3064 2071 3138 solum
2100 3062 2240 3160 genitivi

1391 3206 1408 3247 n
1425 3203 1543 3265 casus,
1561 3172 1621 3252 sed
1638 3179 1741 3252 etiam
1759 3170 1880 3268 dativiss
1897 3179 1979 3278 quia
1998 3176 2167 3250 hebraeus
2184 3175 2245 3250 ba·

1391 3294 1481 3367 »bet
1500 3297 1630 3394 arpenti
1654 3283 1851 3369 transeuntis
1872 3295 1917 3368 od
1937 3296 2184 3393 nepotiatorem,
2206 3293 2243 3364 id

1391 3425 1478 3483 »est
1494 3410 1660 3483 currentis
1681 3410 1773 3510 apud
1791 3412 2030 3508 negotiatores;
2046 3408 2138 3482 unde
2155 3410 2245 3482 anti-

1392 3525 1484 3624 »qui
1502 3524 1589 3598 bene
1606 3525 1734 3598 habeut
1751 3527 1896 3624 probati.
1914 3524 2113 3599 Coniunctio
2130 3539 2243 3596 autem

1391 3671 1408 3710 n
1425 3657 1455 3713 et
1471 3657 1580 3740 potest
1593 3640 1640 3712 ibi
1657 3640 1782 3740 apponi
1800 3638 2241 3734 sicutParab.lll.(r.1'l.)

1391 3756 1556 3854 »antiqui
1578 3754 1705 3828 babent
1724 3758 1784 3853 qni
1802 3755 1945 3828 crudoles
1967 3767 2030 3837 eat,
2055 3767 2087 3824 et
2102 3754 2244 3850 propin-

1390 3903 1409 3942 »
1425 3897 1504 3969 quoe
1523 3871 1653 3954 abiicit,
1672 3871 1706 3942 id
1724 3885 1778 3943 est
1791 3873 1932 3943 etiarn.»
1949 3869 2011 3942 His
2027 3869 2095 3940 lere
2114 3867 2243 3941 similia

1389 4003 1468 4059 sunt
1486 4011 1575 4085 quae
1590 3985 1694 4058 babet
1706 3985 1782 4058 cod.
1797 3985 1840 4059 Ο.
1856 3987 1931 4058 Duo
1945 3983 2079 4058 codices
2094 3981 2242 4056 vaticani

1387 4100 1514 4174 laudati
1542 4101 1576 4174 in
1602 4100 1739 4174 schedis
1756 4100 1866 4173 -Card
1887 4099 1997 4172 Sirleti
2025 4098 2142 4195 legunt
2165 4123 2242 4171 curn

1387 4215 1571 4312 Angelomo
1588 4215 1699 4290 lusos.
1716 4217 1852 4316 probati
1867 4230 1897 4288 et
1914 4229 2058 4286 noonctae
2072 4212 2238 4310 publicae.

1388 4330 1471 4405 Cod.
1489 4331 1515 4402 G
1537 4330 1638 4402 babet
1653 4346 1781 4403 tantum
1797 4345 1828 4402 at
1842 4345 1986 4402 monetae
2001 4329 2168 4427 publicae.
2187 4328 2244 4400 Pe

1388 4463 1460 4520 trus
1480 4462 1569 4518 cant.
1580 4447 1671 4531 CCV,
1684 4448 1760 4531 ll,
1774 4445 1933 4519 Allonsus
1950 4446 2105 4517 Tostatus
2122 4442 2245 4541 praba-

1390 4577 1440 4635 tce
1461 4578 1604 4634 monetae
1624 4576 1654 4633 ct
1672 4561 1837 4658 publicae.
1860 4559 2039 4632 Guibertus
2060 4559 2094 4632 in
2107 4552 2239 4631 comm.

1387 4677 1470 4751 dicit
1490 4693 1656 4750 monetam
1678 4676 1849 4776 publicam
1865 4673 1974 4748 luisse
1995 4689 2028 4746 et
2050 4671 2239 4772 probatam.

1388 4796 1504 4868 Testes
1523 4793 1756 4878 recitavimus,
1777 4816 1918 4890 quorum
1944 4789 2088 4874 arduum
2110 4787 2244 4861 videtur

1387 4910 1499 4984 varias
1523 4910 1702 4983 aestimare
1727 4909 1912 4981 lectiones:
1939 4923 1975 4980 at
1998 4908 2033 4980 in
2060 4905 2149 4978 idern
2176 4905 2245 4979 lere

1388 5051 1505 5098 omnes
1532 5020 1697 5097 recidunt.
1721 5015 1877 5096 Ceterum
1897 5023 1954 5094 vix
1978 5037 2031 5095 est
2054 5019 2146 5120 quod
2169 5045 2245 5094 mo-

1390 5165 1530 5214 neamus
1547 5140 1791 5238 Hieronymum
1810 5137 1873 5212 boo
1889 5136 1962 5210 loco
1976 5151 2137 5208 man»
2154 5161 2245 5209 oom-

1388 5282 1593 5331 memorasse
1618 5281 1678 5354 per
1697 5244 1901 5354 prolepsim
1924 5276 1991 5353 qua
2012 5252 2055 5326 de
2080 5278 2116 5325 re
2146 5274 2244 5350 prae-

1388 5372 1476 5446 clare
1495 5397 1603 5470 nuper
1619 5371 1782 5444 disseruit
1793 5369 1837 5442 ol.
1849 5367 2060 5442 Goelestinus
2073 5366 2243 5440 Caredoni

1389 5489 1424 5561 in
1445 5513 1546 5588 opere
1565 5486 1808 5561 Nnmisrnatica
1829 5485 1950 5557 biblica
1971 5497 2037 5556 art.
2060 5491 2093 5554 t.

1437 5606 1497 5676 Π.
1521 5598 1949 5700 Confirmatuaque--God
1967 5598 2002 5684 S,
2022 5589 2239 5672 bibernis.

1391 5722 1498 5792 1566.
1517 5719 1749 5815 Confinnatas.

1439 5833 1526 5907 lbid.
1549 5836 1695 5908 terminis
1709 5833 1961 5906 eins-Tacent
1976 5852 2160 5931 pronomen
2178 5829 2243 5902 six-
