4830 6678
825 519 1069 604 laetantes
1094 524 1281 604 BIBIIGUS
1829 525 1961 601 LXXIII

162 687 456 791 »Astyagem
483 683 538 761 At
563 682 827 788 Congregatio
855 682 910 762 nil
937 679 1224 761 immutandum
1252 677 1502 759 existimavit.
1529 679 1883 773 Act.1XXIII,25.
1911 677 1961 758 ad

158 831 204 886 oa
221 798 344 886 verba
366 807 522 887 Timuit
540 806 650 883 euim
671 831 722 882 ne
735 807 849 908 forte
865 821 944 884 etc.
966 807 1093 911 prIma
1113 829 1255 884 manus
1273 802 1552 910 adscripscrat:
1574 801 1741 881 «Verba
1761 804 1857 882 haec
1879 829 1961 895 non

161 962 183 1006 a
201 921 299 1008 subt
326 930 557 1036 in'graeco,
579 953 662 1007 nec·
681 929 721 1006 iu
751 952 866 1034 syro,
883 951 962 1008 ¹noc
988 929 1030 1006 in
1058 929 1193 1034 aliquo
1221 953 1334 1021 mss,
1360 955 1485 1034 quare
1512 919 1700 1006 ridentur
1726 921 1960 1006 tollenda.»

158 1050 400 1133 mercanda
418 1075 559 1132 manus
576 1049 740 1132 adiecit:
758 1083 778 1124 u
791 1041 882 1130 Fuit
898 1053 940 1130 in
959 1053 1273 1158 congregatione
1292 1051 1508 1134 resolutum
1528 1049 1640 1157 qnod
1658 1068 1922 1130 remanerent.
1941 1085 1961 1126 n

158 1175 269 1256 Aliae
295 1175 416 1254 buius
441 1176 596 1282 generis
623 1177 851 1265 notationes
877 1201 982 1283 quae
1009 1174 1284 1254 demonstrant
1313 1178 1420 1254 hunc
1447 1174 1630 1254 codicem·
1653 1201 1751 1281 prae
1779 1176 1963 1255 manibus

156 1300 483 1406 gregorianorum
500 1325 709 1378 censorum
728 1299 867 1396 fuisse,
889 1291 970 1377 suis
987 1299 1085 1376 locis
1104 1296 1375 1405 proferentur.
1397 1295 1535 1376 Codex
1554 1295 1687 1377 delicit
1698 1298 1749 1376 in
1766 1297 1870 1378 libro
1890 1299 1963 1378 Iob

155 1451 179 1503 a
200 1422 375 1519 XXVII,
403 1450 463 1502 ιο.
485 1421 538 1502 ad
563 1423 696 1502 finem.
727 1424 856 1502 Pauca
878 1424 975 1502 baec
999 1421 1200 1500 sufficiant
1222 1420 1272 1500 ad
1298 1421 1477 1500 notitiam
1502 1419 1649 1499 codicis
1670 1421 1959 1517 columnensis,

156 1573 206 1625 ex
233 1573 317 1654 quo
344 1549 597 1652 gregorianas
624 1546 892 1626 correctiones
919 1542 1015 1628 dare
1042 1542 1306 1650 aggredimur.
1765 1569 1768 1576 ’

164 1695 168 1708 ·
267 1673 305 1750 5.
335 1671 490 1780 Angeli
515 1674 668 1752 Roccoe
697 1671 881 1750 lectiones
906 1687 945 1748 et
973 1687 1105 1748 uotae.
1132 1669 1179 1747 ln
1206 1669 1381 1776 angelica
1411 1668 1651 1748 bibliotheca
1680 1687 1859 1752 servatur
1886 1674 1962 1751 six-

155 1793 266 1871 tinae
284 1791 471 1874 editionis
487 1795 689 1902 exemplar
707 1795 759 1873 ab
778 1790 1006 1898 Ungarellio
1025 1792 1262 1870 illustratum
1289 1793 1348 1897 (S.
1370 1790 1479 1868 XIII.
1501 1806 1540 1868 ct
1558 1791 1705 1869 XXIII.
1717 1791 1755 1895 ),
1775 1791 1827 1872 ad
1846 1795 1961 1873 cuius

155 1917 353 2020 margInes
376 1919 505 1998 Rocca
528 1917 782 2025 gregorianas
804 1916 1072 1996 correctiones
1094 1941 1143 1992 ex
1168 1941 1289 2022 supra
1312 1931 1530 1995 memorato
1555 1913 1692 1993 codice
1717 1916 1963 1996 colomnensi

155 2036 386 2148 descripsit3
412 2042 550 2149 eisquc
571 2040 717 2120 adiecit
739 2066 862 2119 novas
884 2037 1179 2118 emendationes
1203 2065 1226 2116 a
1249 2036 1494 2116 clementinis
1522 2037 1696 2117 invectas
1720 2039 1857 2145 (quod
1881 2040 1962 2119 Un-

154 2161 342 2268 garellius
368 2191 535 2271 quoque
557 2158 881 2265 animadvertit),
903 2162 1080 2265 ullusque
1099 2186 1246 2269 paucas
1268 2187 1290 2238 e
1313 2186 1387 2238 suo
1414 2188 1544 2267 penu,
1566 2178 1611 2240 ut
1633 2159 1810 2258 videtur,
1833 2164 1964 2268 prola-

155 2302 231 2366 tas.
257 2291 425 2394 Insuper
449 2287 490 2365 in
514 2285 651 2368 eadem
675 2285 916 2368 bibliotheca
943 2301 1140 2364 servatum
1167 2282 1338 2363 vidimus
1357 2283 1558 2389 exemplar
1579 2285 1773 2392 principis
1796 2287 1967 2366 clemen·

154 2409 264 2490 tinae
290 2407 496 2507 editionis3
520 2409 572 2490 ad
596 2410 715 2490 buius
737 2427 869 2488 autern
891 2409 1087 2514 margines
1112 2405 1216 2488 idem
1240 2409 1371 2486 Rooca
1394 2433 1443 2486 ex
1466 2407 1600 2487 Toleti
1623 2412 1893 2516 autographo,
1916 2411 1966 2492 de

154 2559 241 2640 quo
269 2560 362 2612 mox
391 2532 588 2628 dicemus,
610 2534 835 2614 notationes
855 2557 995 2612 omncs
1018 2530 1247 2638 adscripsit;
1269 2530 1417 2638 quibus
1442 2558 1588 2638 paucas
1610 2533 1768 2613 notulas
1789 2532 1962 2632 addidit,

20 2685 21 2766 ζ
155 2685 263 2766 quae
289 2655 340 2737 ud
364 2655 551 2736 Toletum
576 2685 660 2737 non
685 2657 900 2764 pertinent.
930 2652 994 2735 Ad
1019 2655 1118 2735 baec
1135 2682 1264 2763 prope
1282 2653 1477 2734 accedunt
1495 2656 1644 2734 scholia
1668 2657 1803 2737 critica
1826 2660 1868 2736 in
1893 2664 1964 2739 Ge·

20 2811 21 2844 ³
155 2775 304 2880 nesim,
323 2777 507 2860 Exodum
526 2796 566 2862 et
583 2781 822 2875 Leviticum,
842 2778 949 2860 edita
971 2781 1015 2858 in
1037 2795 1147 2859 torno
1170 2785 1201 2858 l.
1226 2805 1395 2888 operum
1418 2779 1559 2884 Angeli
1580 2781 1734 2859 Roocae
1757 2807 1779 2860 a
1802 2809 1843 2888 p.
1868 2785 1961 2888 276.

20 2895 21 2943 ¹
156 2904 209 2984 ad
235 2905 354 3010 317„
377 2905 527 2983 Romae
554 2931 661 2983 anno
691 2929 831 3010 1719.,
855 2929 960 3009 quae
987 2901 1146 3008 saepius
1172 2903 1290 2982 nobis
1317 2902 1544 3009 castiganda
1572 2903 1757 3002 fuerunt;
1783 2933 1964 3012 magnam

155 3029 263 3108 euim
291 3028 356 3106 vel
383 3029 575 3123 auctoris,
598 3028 661 3108 vel
688 3022 888 3108 editorum
917 3025 1195 3133 negligentiam
1222 3023 1417 3133 produnt.

264 3154 305 3231 6.
335 3151 576 3232 Notott'ouer
602 3151 814 3254 qucirci
841 3149 984 3232 Toletr'.
1012 3147 1093 3228 Has
1119 3149 1262 3228 merito
1289 3147 1467 3228 laudarit
1492 3147 1763 3254 Ungarellius,
1788 3149 1963 3232 easdem·

20 3293 21 3296 ‘
155 3303 237 3386 que
265 3293 480 3356 memorata
508 3277 701 3355 hactenus
723 3273 854 3354 studia
874 3274 992 3382 longe
1015 3297 1204 3381 superare
1225 3271 1434 3372 iudicavit3
1459 3272 1644 3381 adeoque
1671 3275 1755 3354 illas
1780 3277 1963 3382 evulgare

154 3417 422 3509 proposuerat
444 3399 523 3506 (cf.
543 3403 578 3502 S.
601 3398 728 3479 XXII.
751 3417 792 3478 et
816 3398 963 3476 XXVI.
977 3399 1005 3501 ).
1034 3397 1117 3494 Nos
1139 3423 1305 3505 qnoque
1330 3398 1385 3476 nil
1410 3397 1804 3505 praetermittendum
1828 3427 1879 3479 ex
1902 3404 1965 3482 his

154 3524 435 3606 notationibus
460 3521 668 3620 duximus,
690 3526 762 3602 etsi
785 3521 1090 3628 nonnumquam
1110 3519 1241 3600 minus
1260 3518 1309 3599 ad
1328 3548 1410 3600 rem
1429 3535 1602 3602 nostram
1622 3521 1858 3603 riderentur
1874 3553 1965 3632 per-

153 3649 306 3747 tinere;
329 3649 587 3757 quippequae
613 3645 722 3726 baud
750 3671 841 3725 raro
865 3641 916 3724 ud
937 3646 1129 3752 exegesim
1153 3647 1287 3752 potius
1313 3673 1432 3753 quarn
1454 3643 1506 3725 ad
1526 3646 1702 3728 criticam
1724 3647 1963 3729 referantur.

154 3774 417 3881 Quapropter
444 3772 615 3879 integras
641 3769 919 3878 descripsimus
945 3798 996 3850 ex
1022 3768 1162 3850 codice
1188 3772 1371 3850 vaticano
1399 3771 1547 3878 6879„
1578 3788 1699 3879 atque
1726 3773 1967 3852 contulimus

154 3923 248 3977 cum
276 3897 401 4004 ipsius
429 3897 698 4004 autographo,
722 3897 897 4002 itemque
923 3921 1014 3974 cnm
1036 3895 1270 4002 apographo
1294 3896 1449 3974 Iloccac
1473 3893 1523 3974 de
1546 3921 1629 4002 quo
1652 3923 1792 4004 supra,
1814 3899 1965 3978 omnia-

154 4047 237 4128 que
265 4019 373 4101 Iideli
399 4019 549 4100 calamo
577 4021 724 4100 nostris
750 4018 1078 4098 annotationibus
1100 4018 1389 4098 interserimus.
1417 4019 1476 4097 Ex
1500 4020 1578 4098 hoc
1605 4037 1732 4101 autem
1761 4023 1964 4128 praeclaro

152 4143 286 4224 Toleti
315 4143 451 4226 labore
477 4173 560 4227 non
587 4144 789 4225 -n‘rodicum
818 4145 989 4252 pretium
1016 4144 1130 4251 operi
1158 4159 1294 4222 nostro
1322 4167 1573 4224 accessurum
1602 4143 1851 4224 confidimus.

263 4297 302 4374 7.
335 4269 556 4349 Clementis
581 4269 712 4350 VIII.
736 4269 859 4348 editio
879 4269 1062 4348 vaticana
1090 4294 1193 4374 quae
1215 4264 1365 4373 prodiit
1387 4295 1496 4346 anno
1518 4267 1720 4348 MDXCII.
1747 4270 1860 4348 Hanc
1883 4269 1965 4350 edi·
2028 4321 2034 4335 .

153 4393 306 4473 tionem
329 4419 404 4500 pro
427 4392 510 4472 basi
533 4409 654 4501 atque
676 4391 937 4472 fundamento
962 4393 1169 4470 universae
1192 4407 1352 4470 nostrae
1370 4391 1592 4471 collationis
1614 4393 1841 4487 statuimus,
1864 4395 1964 4474 eius·

153 4543 234 4625 que
261 4517 471 4596 lectionem
500 4517 620 4597 veluti
644 4541 897 4596 communem
924 4533 1206 4623 receptamque
1233 4516 1520 4622 praemittimus
1546 4516 1706 4622 quoties
1729 4543 1778 4596 ex
1801 4516 1963 4624 reliquis

151 4640 407 4722 documentis
432 4642 601 4722 varietus
627 4637 868 4748 proferenda
898 4655 969 4720 est.
1001 4639 1191 4718 Omnium
1222 4641 1328 4718 enirn
1360 4665 1615 4720 romanarum
1643 4641 1962 4741 correctionum,

152 4793 260 4872 quae
278 4765 553 4872 superioribus
571 4756 685 4844 annis
702 4763 928 4846 elaboratae
947 4764 1128 4859 fuerunt,
1150 4763 1377 4842 absolutum
1396 4765 1564 4858 exitum,
1586 4765 1837 4873 faustumque
1859 4792 1966 4846 com·

150 4889 398 4996 plementum
422 4890 485 4968 illa
511 4888 686 4997 denique
715 4888 833 4968 nobis
860 4881 1008 4968 attulit.
1033 4889 1201 4989 Quaeri
1225 4885 1391 4996 quando
1412 4916 1434 4968 a
1456 4877 1826 4995 reliquis'omnibus
1851 4906 1965 4972 aute

20 5091 21 5120 ἦ
149 5013 357 5121 plerisque
384 5012 588 5094 codicibus
612 5011 800 5094 recedere
822 5011 1168 5121 deprehendetur,
1191 5015 1316 5093 nostri
1342 5014 1515 5094 muueris
1538 5015 1612 5094 erit
1637 5015 1700 5094 rel
1727 5014 1880 5094 criticas
1905 5045 1966 5096 ra-

150 5137 304 5230 tiones,
326 5161 429 5243 quae
447 5163 525 5243 pro
546 5137 612 5216 illa
634 5136 765 5216 facere
785 5136 1054 5236 videbuntur,
1077 5137 1257 5245 undique
1277 5139 1512 5245 investigare
1535 5155 1658 5246 atquc
1681 5139 1879 5247 proferre,
1902 5141 1963 5220 vel

123 5255 386 5340 'mendosam
413 5287 495 5340 esse
522 5287 604 5340 non
632 5259 754 5340 modo
782 5261 915 5356 fateri,
937 5259 1006 5341 sed
1034 5260 1322 5342 demonstrare.
1349 5263 1458 5342 Haec
1486 5279 1617 5341 autem
1639 5261 1722 5342 duo
1747 5264 1874 5371 probe
1897 5261 1965 5343 de-

149 5379 341 5463 claranda
368 5401 538 5464 suntne
566 5385 655 5492 quis
683 5402 842 5464 censeat
869 5413 943 5465 nos
970 5401 1039 5464 aut
1065 5386 1156 5494 plus
1187 5412 1316 5493 aequo
1342 5387 1542 5493 vulgatam
1569 5384 1782 5466 editionem
1812 5401 1964 5494 propu-

20 5599 21 5604 Ν
149 5535 296 5615 gnare,
318 5525 387 5588 aut
404 5525 549 5589 temere
569 5507 675 5590 illam
694 5509 841 5590 erroris
859 5537 1039 5616 arguere.
1068 5508 1131 5587 Ab
1150 5525 1323 5614 utroque
1341 5510 1447 5588 enim
1468 5509 1567 5590 vitio
1588 5537 1663 5589 nos
1684 5509 1877 5588 immunes
1897 5535 1978 5588 ex·v

150 5648 370 5739 partesque
397 5632 505 5710 omni
533 5657 630 5711 cura
658 5659 817 5712 serrare
844 5631 1080 5712 studuimus.
1110 5633 1234 5740 Igitur
1259 5632 1431 5739 primum
1454 5632 1554 5714 illud
1577 5634 1633 5713 ita
1655 5633 1818 5740 exsequi
1846 5659 1965 5712 cona-

149 5782 264 5850 mur,
288 5771 335 5834 ut
360 5782 494 5863 neque
521 5775 772 5862 argumenta,
796 5781 900 5864 quac
927 5753 1186 5835 clementinae
1210 5753 1375 5834 editioni
1399 5755 1679 5854 adversantur,
1700 5781 1889 5864 umquam
1916 5751 1969 5834 de-

148 5878 350 5959 industria
374 5881 752 5986 praetermittamus,
774 5908 906 5988 neque
925 5880 1082 5962 illorum
1100 5881 1198 5981 vim,
1220 5908 1323 5988 quae
1342 5880 1588 5989 quandoque
1610 5883 1781 5960 maxima
1802 5907 1886 5962 esse
1905 5881 1963 5960 vi·

353 6011 436 6086 Tou.
463 6011 491 6084 l.
1758 6014 1769 6084 l
