4750 6694
462 488 592 562 XCVIII
1131 484 1374 559 turnultus
1399 484 1589 559 uttttttts

463 640 732 747 conscriptum
761 651 903 716 mutuo
931 636 1083 742 accepit
1111 637 1242 740 (conf.
1270 637 1326 715 Le
1353 636 1468 742 Long
1495 635 1691 716 Bibliotd.
1714 662 1829 715 sacra
1859 652 1955 714 torn.
1982 636 2025 731 I,
2047 664 2096 744 p.
2123 635 2216 720 255.
2232 637 2260 739 ).

462 765 638 843 Tertium
668 761 843 842 codicem
869 789 890 840 e
917 760 1208 840 bibliothecas.
1234 761 1414 866 Dionysii
1438 760 1580 840 habuit
1602 761 1735 865 (nunc
1756 760 1886 864 regiae
1907 759 2006 840 bibl.
2030 787 2072 838 u.
2093 760 2263 865 3562.),

463 916 582 997 quem
611 887 760 994 pariter
787 886 890 964 inter
917 885 1226 965 correctissimos
1253 887 1384 991 ponit.
1409 885 1589 964 Contulit
1612 882 1788 991 denique
1812 883 2004 966 editiones
2032 883 2135 979 illas,
2160 911 2264 992 quae

463 1010 799 1092 emendatissimae
826 1010 1109 1106 censebantur;
1134 1036 1183 1088 ex
1210 1010 1273 1088 his
1301 1025 1432 1088 autem
1459 1008 1595 1088 laudat
1621 1009 1953 1115 complutensem,
1980 1036 2100 1115 quam
2127 1009 2266 1090 asserit

463 1165 554 1218 eum
581 1136 849 1216 vetustissimis
877 1133 1084 1214 codicibus
1110 1161 1183 1241 per
1210 1134 1343 1212 omnia
1371 1133 1453 1212 lere
1479 1135 1718 1212 consentire.
1742 1138 1786 1212 ln
1808 1135 1905 1215 Iocis
1928 1136 1997 1240 qui
2022 1134 2174 1242 aliquid
2198 1134 2266 1214 ha-

463 1261 559 1341 bere
585 1259 845 1339 dubitationis
865 1255 1105 1338 videbantur
1125 1258 1176 1336 ab
1195 1256 1385 1336 hebraico
1405 1274 1519 1337 textu
1546 1256 1766 1336 subsidium
1791 1258 1917 1363 petiit.
1945 1257 2172 1365 Stephanus
2195 1258 2267 1364 igi-

464 1401 530 1465 tur
557 1384 730 1489 optimos
757 1397 874 1460 testes
899 1382 1061 1475 accivit,
1084 1399 1206 1488 atque
1229 1383 1272 1460 in
1296 1381 1535 1490 expolienda
1562 1381 1718 1486 Vulgati
1742 1381 1917 1462 editione
1945 1383 2139 1488 egregiam
2167 1409 2267 1490 ope·

464 1534 548 1586 ram
577 1533 722 1586 navare
748 1523 945 1611 coeperat.
977 1505 1069 1583 Eius
1095 1505 1318 1612 exemplum
1347 1507 1609 1612 plurimorum
1637 1505 1872 1585 industriam
1896 1507 2096 1586 excitavit.

476 1646 480 1654 '
571 1660 636 1712 11.
661 1630 787 1710 Biblia
817 1631 858 1708 in
881 1629 951 1708 fol.
974 1629 1148 1724 Parisiis,
1170 1658 1276 1708 anno
1307 1631 1420 1710 1532.
1447 1657 1495 1708 ex
1524 1630 1682 1710 officina
1710 1632 1876 1711 Roberti
1897 1631 2106 1738 Stephani.
2133 1632 2268 1712 Altera

464 1758 560 1836 haec
582 1773 659 1852 est,
679 1753 898 1862 eademque
917 1755 1224 1860 praeclarissima
1244 1753 1368 1834 editio
1387 1755 1638 1862 stephanica,
1660 1784 1779 1862 quam
1804 1756 1859 1833 Le
1876 1757 1992 1861 Long
2013 1754 2094 1834 fere
2112 1783 2163 1835 ex
2183 1784 2268 1836 mo-

464 1881 629 1988 guntina
656 1880 752 1960 anni
780 1880 893 1973 1461.
917 1877 1132 1958 derivatam
1153 1877 1340 1973 affirmat,
1361 1877 1511 1956 collatis
1533 1892 1683 1973 tamen,
1708 1879 1930 1985 iterumque
1956 1880 2141 1985 inspectis
2165 1883 2268 1959 anti-

463 2005 554 2113 quis
574 2003 801 2099 codicibus,
823 2032 873 2082 111
894 2003 1044 2111 quibus
1062 2001 1190 2082 editor
1210 2002 1425 2082 nonnullas
1443 2000 1612 2080 ineditas
1633 1999 1820 2078 lectiones
1843 1999 2024 2108 protulit.
2050 2001 2108 2078 Ex
2130 2017 2269 2082 nostra

464 2128 673 2210 collatione
700 2128 898 2208 constabit
925 2129 1029 2206 hanc
1056 2157 1078 2206 a
1106 2128 1301 2233 superiori
1330 2124 1504 2206 editione
1533 2153 1623 2204 raro
1651 2121 1863 2204 admodum
1894 2120 2118 2202 deflectere.

571 2253 636 2332 13.
660 2300 706 2314 -
729 2253 769 2330 in
792 2252 861 2330 fol.
884 2249 1091 2358 Lugduni,
1113 2279 1219 2330 anno
1245 2251 1357 2332 1533.
1381 2278 1454 2357 per
1474 2252 1663 2331 Ioannem
1686 2246 1838 2350 Moylin
1857 2246 1952 2326 alias
1974 2246 2024 2326 de
2051 2246 2267 2353 Cambray.

465 2375 597 2456 Habet
623 2375 749 2454 varias
775 2374 964 2453 lectiones
992 2375 1237 2480 marginales.

572 2501 635 2594 14.
661 2545 706 2556 -
727 2499 768 2576 in
800 2525 859 2576 12.
886 2499 1076 2594 Venetiis,
1102 2525 1209 2577 anno
1240 2497 1353 2577 1533.
1380 2498 1423 2576 in
1450 2497 1608 2576 officina
1636 2497 1922 2576 Lucaeantonii
1950 2499 2104 2576 Iuntae.

571 2625 638 2702 15.
662 2669 708 2680 -
732 2621 773 2700 in
798 2621 836 2701 8.
863 2620 1069 2727 Lugduni,
1091 2648 1200 2699 anno
1224 2621 1341 2714 1535.
1361 2620 1468 2728 apud
1495 2621 1685 2700 Iacobum
1709 2622 1867 2700 Giunti.
1895 2622 1942 2700 In
1967 2621 2098 2702 fronte
2120 2621 2269 2702 dicitur

466 2748 585 2827 iuxta
603 2746 805 2852 vulgatam
824 2762 863 2823 et
878 2763 1109 2824 consuetum
1130 2745 1394 2841 aeditionem,
1421 2762 1507 2824 tum
1529 2745 1586 2825 ad
1608 2745 1835 2824 hebraicam
1860 2747 2080 2843 ueritatem,
2106 2765 2195 2826 tum
2213 2747 2272 2826 ad

464 2871 817 2952 vetustissimorum
845 2871 1038 2949 simulet
1067 2871 1483 2950 emendatissimorum
1515 2870 1769 2949 voiuntinum
1796 2871 1954 2976 fidem,
1986 2889 2081 2978 post
2112 2873 2270 2950 omneis

464 2997 650 3076 omnium
677 2994 898 3074 auditiones
923 2995 1218 3074 studiosissime
1249 2994 1471 3101 castigata,
1503 2992 1695 3072 simulet
1726 2993 1951 3099 recognito:
1980 3021 2029 3072 oe
2055 3023 2083 3072 a
2111 2995 2271 3074 mendis

464 3117 784 3228 quamplurimis
810 3117 991 3195 maximo
1011 3146 1104 3196 cum
1129 3119 1287 3224 negocio
1310 3133 1536 3225 repurgata.
1560 3116 1732 3195 Additis
1753 3118 1811 3195 ud
1830 3117 1997 3225 singulo
2016 3119 2155 3226 capitu
2175 3145 2269 3227 per·

466 3243 639 3322 breuibus
665 3241 927 3348 argumentis.
953 3241 1130 3319 Omnino
1157 3241 1368 3346 singularis
1390 3239 1507 3319 nobis
1532 3239 1629 3318 baec
1651 3256 1711 3318 est
1732 3237 1874 3336 editio,
1897 3241 2126 3348 nullamque
2151 3242 2271 3320 aliam

466 3393 570 3475 quae
593 3360 722 3445 eidem
744 3363 934 3443 affinitate
953 3365 1165 3444 coniuncta
1184 3365 1232 3442 sit
1250 3363 1456 3444 habemus.
1483 3364 1689 3463 Quaenam
1707 3363 1857 3444 fuerint
1873 3366 2075 3444 volumina
2093 3364 2145 3445 ad
2163 3393 2271 3474 quo-

465 3518 554 3569 rum
579 3487 698 3569 fidem
725 3487 856 3568 editor
881 3487 986 3568 illam
1012 3491 1186 3594 exegerit
1211 3489 1460 3595 ignoramus:
1487 3490 1606 3566 immo
1632 3505 1671 3566 et
1693 3487 1856 3568 editoris
1879 3516 2026 3568 nomen
2049 3517 2123 3568 nos
2149 3491 2268 3588 latet;

466 3642 587 3723 quem
618 3632 750 3694 tamen
785 3613 1074 3694 heterodoxum
1105 3613 1224 3692 fuisse
1256 3639 1485 3709 censemus,
1515 3628 1585 3691 aut
1615 3611 1751 3692 saltem
1783 3612 1979 3694 editiones
2009 3615 2147 3721 paucis
2176 3633 2271 3695 ante
2364 3681 2367 3687 .

466 3739 583 3820 annis
610 3737 811 3844 evulgatas
836 3737 1140 3844 Norimbergae,
1165 3736 1335 3818 Basileae
1360 3755 1400 3817 et
1423 3736 1676 3843 Argentorati
1704 3737 1898 3816 imitatum
1921 3737 2042 3818 fuisse
2066 3740 2268 3818 novimus.

464 3859 567 3942 Sunt
593 3877 632 3940 et
652 3860 847 3941 nonnulla
875 3887 923 3940 cx
951 3860 1125 3942 hebraeo
1148 3888 1316 3967 prorsus
1336 3879 1481 3942 temere
1502 3861 1726 3958 immutata,
1748 3889 1851 3969 quac
1871 3861 1966 3942 alibi
1989 3889 2187 3970 nusquam
2211 3864 2273 3944 of-

466 3982 678 4066 sendimus.

574 4107 774 4187 16.-111
803 4107 842 4202 4.
869 4107 1135 4215 Antuerpiae,
1161 4137 1268 4188 anno
1299 4107 1414 4214 1537.
1440 4136 1491 4188 ex
1517 4108 1676 4189 officina
1703 4111 1864 4190 Ioannis
1883 4109 2058 4210 Steelsii,
2083 4114 2126 4192 in
2153 4130 2271 4196 scuto

465 4228 867 4339 Burgundiae,.typis
894 4231 1054 4312 Ioannis
1081 4232 1265 4340 Graphei.
1292 4233 1352 4312 Ex
1378 4230 1471 4312 edd.
1498 4233 1752 4340 stephanicis.

574 4380 640 4459 27.
663 4401 710 4414 -
732 4355 774 4432 in
801 4356 841 4449 4.
869 4355 1135 4461 Antuerpiae,
1159 4383 1266 4436 anno
1298 4357 1435 4455 1·538.;
1464 4372 1524 4438 est
1550 4354 1687 4438 eadem
1714 4357 1881 4438 cumino
1906 4383 1953 4438 ac
1980 4360 2185 4466 superior,
2212 4389 2278 4442 ren

468 4504 564 4558 cuso
589 4477 722 4557 titulo.

575 4601 640 4681 18.
666 4648 712 4659 -
735 4599 776 4679 in
796 4599 836 4679 8.
858 4601 1048 4698 Venetiis,
1070 4627 1178 4679 anno
1202 4600 1315 4682 1538.
1333 4628 1407 4708 per
1424 4600 1718 4682 Bernardinum
1734 4601 1984 4711 Stagninum.
2006 4606 2071 4696 Ex,
2085 4608 2270 4715 stephan.

576 4750 642 4831 19.
667 4769 713 4782 --
734 4723 777 4802 in
801 4722 873 4802 fol.
900 4725 1076 4820 Parisiis,
1103 4752 1210 4803 anno
1235 4725 1348 4820 1541.
1371 4751 1420 4804 ex
1446 4724 1605 4805 ollicina
1630 4726 1795 4806 Roberti
1816 4727 2010 4838 Stephani
2032 4732 2276 4838 typographi

469 4846 580 4953 regii.
607 4848 718 4926 Inter
739 4847 990 4956 stephanicas
1011 4847 1208 4930 editiones
1230 4848 1562 4956 praestantissima
1587 4849 1685 4930 haec
1712 4869 1912 4950 censetur,
1937 4853 2107 4932 manime
2129 4853 2184 4934 ob
2207 4883 2276 4934 va.-

469 4968 547 5050 rias
565 4968 749 5050 codicum
766 4970 957 5050 lectiones
974 4999 1075 5080 quas
1096 4972 1139 5051 in
1162 4971 1406 5078 marginibus
1427 4972 1623 5080 praefert,
1645 4971 1866 5080 dequibus
1888 4973 2147 5053 conterantur
2168 4971 2276 5055 dicta

469 5093 667 5201 superiori
694 5093 843 5200 capite,
869 5121 981 5173 num.
1008 5096 1069 5176 16.
1098 5096 1211 5196 Quae
1237 5097 1405 5204 posthac
1433 5094 1671 5205 prodierunt
1691 5093 1887 5176 editiones
1913 5125 2041 5204 paene
2067 5097 2276 5180 universae

470 5213 648 5298 1111111111
674 5216 869 5297 1111111111
891 5218 983 5326 plus
1005 5219 1137 5299 minus
1164 5217 1452 5300 emendatiores
1473 5221 1745 5327 reperiuntur.
1770 5221 2056 5300 Recensionem
2084 5249 2205 5329 quarn
2232 5223 2276 5302 in

469 5342 553 5422 suls
570 5339 814 5422 editionibus
831 5341 1024 5423 hactenus
1041 5360 1202 5425 secutus
1221 5344 1371 5440 fuerat,
1389 5344 1525 5426 denuo
1544 5345 1776 5453 recognovit
1791 5344 2017 5454 Stephanus
2034 5373 2279 5455 rursumque

469 5466 686 5574 castigavit.
713 5466 772 5545 Es
792 5495 876 5575 quo
899 5468 1009 5548 litut
1032 5471 1291 5578 stephanicae
1309 5468 1502 5551 editiones
1524 5470 1647 5550 veluti
1670 5469 1881 5578 bipartitae
1899 5470 1995 5552 sint.
2020 5467 2081 5549 Ad
2101 5470 2283 5578 priorem

469 5589 630 5672 classem
650 5607 831 5700 spectant
849 5620 952 5699 quae
970 5621 1120 5673 aunum
1139 5595 1254 5690 1541.
1268 5611 1538 5690 antevertant,
1556 5594 1734 5702 reliquae
1751 5620 1847 5674 vero
1865 5591 1917 5673 ad
1935 5591 2110 5674 alteram.
2123 5591 2279 5674 Utrius-

471 5741 550 5821 que
568 5732 700 5797 autem
718 5715 852 5795 classis
868 5742 966 5796 usus
984 5715 1094 5796 haud
1113 5717 1241 5825 impar
1257 5743 1340 5799 esse
1356 5716 1529 5799 videtur.
1552 5719 1757 5800 lectorem
1777 5718 1973 5798 monitum
1991 5743 2075 5798 esse
2092 5717 2277 5798 volumus

472 5863 658 5920 censuras
684 5837 964 5948 theologorum
990 5840 1267 5949 parisiensium
1294 5841 1483 5951 impetere
1509 5841 1679 5940 indices,
1705 5858 1933 5950 argumenta
1955 5841 2114 5950 aliaque
2136 5840 2276 5923 adiun-
