4804 6692
428 515 458 585 ι
1176 518 1491 594 ιιοιιιιοιιιιιι
1591 605 1593 610 ,

433 667 546 772 »qui
573 664 796 772 Scripturas
824 664 979 748 divinas
1006 695 1121 749 nome
1148 669 1390 752 desiderant.
1413 670 1530 772 s(de
1551 671 1654 750 dect.
1677 670 1814 750 christ.
1838 671 1908 750 tib.
1930 673 1992 751 II.
2016 701 2050 749 c.
2072 671 2201 751 ..XIV
2204 678 2233 772 )

428 789 478 868 Et
506 817 680 868 rursum:
706 823 723 863 «
743 774 965 870 Nonnulias
991 792 1244 876 obscuriores
1272 795 1485 875 sententias
1511 793 1689 901 plurium
1716 773 1897 875 codicum
1927 822 2044 934 saepe
2071 795 2234 875 manile·

433 913 589 992 »stavit
616 913 825 1019 inspectio.
848 949 867 988 »
890 915 1018 1015 (ibid.
1047 946 1081 994 c.
1111 920 1219 998 XII.
1227 924 1256 1016 )
1283 919 1532 998 Sacrorum
1523 919 1644 1025 igitur
1670 916 1890 998 Bibliorum
1919 918 2082 1024 puritati
2109 934 2232 1026 atque

427 1037 697 1144 explanationi
724 1039 873 1145 optime
900 1040 1118 1119 consulunt
1136 1043 1207 1149 qui
1232 1044 1407 1147 egregias
1429 1041 1617 1122 lectiones
1640 1057 1956 1148 persequuntur,
1978 1040 2231 1121 librariorum

427 1162 520 1239 vitia
549 1162 762 1256 rimantur,
789 1190 915 1269 eaque
943 1164 1022 1242 suis
1046 1165 1086 1242 in
1110 1165 1400 1243 commentariis
1428 1163 1605 1244 modeste
1633 1182 1791 1262 notant;
1815 1163 2032 1245 dummodo
2061 1192 2111 1245 ne
2140 1167 2231 1275 quis

425 1284 579 1390 privata
606 1286 860 1384 auctoritate,
882 1285 992 1393 qued
1012 1288 1087 1366 sibi
1107 1289 1228 1395 magis
1246 1288 1452 1368 verisimile
1480 1306 1549 1369 aut
1574 1289 1690 1368 etiam
1709 1306 1860 1368 certum
1884 1287 2062 1387 videtur,
2084 1306 2231 1370 temere

427 1407 467 1487 in
496 1423 647 1487 textum
677 1409 836 1504 inferat,
861 1429 1147 1518 receptamque
1170 1411 1377 1490 lectionem
1408 1410 1590 1492 disiicerc·
1614 1431 1853 1520 praesmnat.
1880 1413 1970 1513 Qua
1998 1414 2041 1492 in
2069 1440 2110 1493 re
2139 1442 2231 1494 cau·

426 1531 571 1610 tissime
597 1534 777 1640 sogessit
800 1531 903 1612 Ven.
925 1532 1054 1627 Beda,
1073 1535 1145 1640 qui
1169 1537 1273 1614 hanc
1295 1535 1370 1614 sibi
1396 1534 1563 1642 aliisque
1586 1537 1759 1643 reguiam
1784 1536 2038 1642 conscripsit:
2063 1538 2232 1637 «Quae

430 1687 450 1730 s
471 1654 562 1734 dam
586 1657 747 1764 quaein
768 1683 910 1761 graeco
929 1657 1007 1756 (in
1026 1658 1121 1736 Act.
1144 1665 1308 1766 apost.)
1328 1659 1410 1740 sive
1429 1659 1560 1756 aliter,
1583 1687 1653 1740 seu
1676 1661 1767 1767 plus
1786 1677 1855 1740 aut
1874 1660 2005 1740 minus
2024 1661 2153 1768 posita
2175 1662 2235 1740 vi·

430 1811 449 1854 a
471 1779 620 1874 dimus,
642 1780 817 1860 breviter
843 1807 1152 1862 commemorare
1177 1783 1414 1862 curavimus.
1441 1783 1553 1882 Quae
1582 1799 1714 1862 utrum
1743 1783 1982 1889 negligentia
2005 1784 2232 1892 interpretis

429 1937 447 1978 e
468 1903 632 1998 omissa,
649 1904 709 1983 vel
730 1904 843 1984 aliter
861 1903 989 2001 dicta,
1006 1933 1058 1984 an
1077 1904 1232 1984 incuria
1249 1903 1502 1984 librariorum
1521 1906 1601 1984 sint
1618 1904 1849 2012 depravata,
1866 1907 1947 1986 sive
1967 1907 2122 2004 relicta,
2137 1935 2233 1988 non

428 2065 447 2103 e
469 2027 565 2108 dum
584 2029 683 2108 scire
702 2029 921 2135 potuimus.
948 2028 1132 2136 Namque
1150 2055 1333 2134 mecum
1352 2030 1553 2136 exemplar
1572 2029 1693 2109 fuisse
1711 2029 1914 2125 falsatum,
1936 2032 2125 2138 suspicari
2145 2060 2230 2111 nen

429 2150 619 2250 »aude03
641 2151 751 2232 unde
772 2152 961 2233 lectorem
989 2152 1204 2248 admoneo,
1231 2169 1276 2232 ut
1305 2152 1401 2232 haec
1426 2151 1672 2260 ubicumque
1700 2152 1926 2251 fecerimus,
1948 2155 2071 2258 gratia
2099 2155 2235 2236 erudi·

428 2277 587 2357 ationis
614 2278 741 2384 legat,
772 2305 856 2357 uon
885 2281 928 2358 in
954 2305 1028 2359 sue
1056 2294 1191 2357 tamen
1215 2275 1417 2356 uolumine
1443 2275 1553 2356 velut
1579 2277 1861 2358 emendaturus
1890 2279 2125 2372 interserat,
2156 2279 2235 2360 nisi

428 2403 570 2483 »forte
598 2429 644 2481 ea
671 2402 715 2480 in
741 2403 867 2481 latino
893 2402 1031 2483 codice
1057 2429 1154 2482 suae
1177 2401 1363 2482 editionis
1392 2403 1615 2509 antiquitus
1649 2405 1706 2482 sic
1732 2405 1991 2510 interpretata
2021 2407 2242 2512 repererit·

427 2526 568 2605 »Nam
595 2543 635 2605 et
654 2527 922 2634 Hieronymus
946 2529 1141 2635 pleraque
1167 2527 1392 2607 testimonia
1418 2527 1560 2606 veteris
1586 2527 1861 2620 instrumenti,
1886 2545 1930 2607 ut
1957 2528 2143 2608 hebraica
2166 2557 2235 2608 ve-

427 2683 445 2722 »
467 2651 562 2730 ritas
584 2650 726 2747 habet,
748 2649 905 2748 edocet3
929 2677 1003 2730 nec
1025 2668 1157 2730 tamen
1183 2651 1279 2731 baec
1302 2650 1358 2730 ita
1381 2652 1423 2729 in
1443 2651 1591 2729 nostris
1613 2650 1819 2731 codicibus
1842 2668 1912 2732 aut
1931 2653 2016 2760 ipse
2034 2653 2230 2762 interpre-

427 2809 445 2849 ι
466 2776 561 2870 tari,
584 2791 652 2854 aut
670 2774 972 2854 accomodare
990 2775 1132 2855 voluit.
1151 2807 1171 2850 a
1187 2777 1241 2882 (t.
1261 2777 1352 2870 III,
1369 2804 1418 2883 p.
1433 2777 1531 2882 995.
1545 2793 1575 2852 t.
1594 2777 1640 2853 V
1638 2835 1648 2854 .
1661 2805 1709 2884 p.
1724 2778 1845 2882 694.)
1864 2775 1941 2857 Sed
1962 2777 2061 2856 haec
2078 2777 2222 2858 obiter.

527 2901 668 3008 ltaque
686 2899 737 2979 ab
756 2899 965 2979 occasione
983 2899 1185 2980 scribendi
1204 2929 1323 3008 quam
1343 2901 1447 2979 nacti
1467 2928 1602 2978 sumus
1623 2901 1848 3010 incipimus.
1876 2901 2050 2981 dionius
2068 2901 2121 2980 lii.
2143 2901 2228 2980 Un-

422 3023 606 3133 gerellius
630 3021 775 3104 sedalis
804 3023 1057 3120 barnabitcs,
1073 3025 1260 3130 tnagister
1281 3023 1377 3103 oiim
1398 3040 1536 3102 noster
1558 3023 1615 3128 (1)
1639 3050 1764 3129 quum
1794 3022 1957 3102 biblieis
1978 3019 2119 3102 studiis
2146 3023 2234 3101 ani·

422 3175 529 3226 mum
548 3163 708 3228 strenue
724 3147 1000 3254 applicuisset,
1017 3149 1122 3227 circa
1139 3175 1289 3226 annum
1302 3145 1610 3227 MDCCCXXX.
1627 3143 1797 3225 offendit
1815 3145 1859 3223 in
1876 3146 2079 3252 exemplar
2097 3143 2235 3252 qnod*

527 3330 564 3392 (ι)
582 3325 624 3382 Ut
640 3326 714 3384 nuti
731 3323 782 3382 siri
798 3323 922 3397 aliquam
941 3325 1070 3383 notitiam
1089 3322 1288 3393 subiiciamus,

421 3416 483 3473 heic
500 3414 623 3488 preferre
641 3414 734 3486 piscat
749 3413 894 3488 epistelam
914 3429 1000 3488 quem
1018 3416 1049 3472 in
1067 3414 1192 3474 ciusdem
1209 3414 1294 3472 ohim

420 3505 595 3580 praeposius
614 3503 731 3576 collegii
745 3503 786 3562 ed·
799 3503 923 3580 reliques
941 3503 1051 3562 sedales
1070 3503 1105 3561 de
1126 3520 1201 3564 mere
1221 3506 1296 3563 scri

422 3594 488 3667 psit:
504 3615 518 3642 ι
531 3595 718 3666 Praepositae
737 3591 860 3665 cellapii
878 3596 995 3650 remeat
1012 3609 1050 3649 ss.
1068 3593 1163 3650 Blasii
1180 3599 1210 3650 et
1230 3596 1290 3651 Cn·

423 3706 436 3731 ι
456 3679 516 3738 reli
527 3685 561 3738 li.
573 3687 606 3739 P.
621 3685 791 3757 Praeposito
803 3679 927 3754 Ceiiepii
939 3686 977 3740 N.
988 3687 1026 3741 Ν.
1039 3685 1069 3739 S.
1084 3687 1115 3739 P.
1133 3687 1168 3738 D.
1182 3683 1289 3740 Domus

423 3777 552 3830 »nestra
571 3770 702 3830 hesterm
720 3768 858 3828 detristi
876 3770 956 3828 iuetn
974 3769 1085 3830 deflerit
1098 3769 1230 3828 acerbum
1248 3771 1293 3828 in·

421 3859 568 3918 »tentum
581 3857 687 3918 sedalis
700 3859 887 3918 amantissimi
903 3859 1001 3916 Aleisii
1012 3861 1052 3916 hi.
1065 3859 1263 3932 Ungareilii
1240 3860 1291 3917 uri

420 3949 568 4022 septimi,
581 3947 748 4007 doctissimi.
762 3949 1150 4007 Hiciioneniaeertusxvi.
1164 3947 1290 4007 Kalend

419 4063 432 4088 ι
451 4039 562 4108 Martii,
574 4053 650 4096 anne
665 4038 900 4096 hmcnxxiii.
913 4055 929 4096 a
947 4039 1066 4112 pueritia
1083 4039 1179 4112 pietati
1195 4051 1230 4097 ac
1246 4037 1291 4095 iit·

419 4151 431 4176 ι
452 4125 519 4184 teris
536 4124 663 4194 deditus,
677 4141 807 4200 magnam
822 4126 867 4184 sei
880 4142 958 4199 spem
971 4125 1047 4186 iecit.
1062 4125 1242 4187 Sacerdotie
1234 4129 1287 4186 mi·

418 4239 431 4267 n
452 4219 555 4286 tintus,
575 4223 689 4274 nestrm
705 4216 921 4288 congregationi
940 4231 1042 4274 nemen
1061 4215 1139 4274 dedit
1155 4219 1205 4275 iv.
1221 4217 1287 4275 Kal

418 4329 431 4354 ι
451 4301 601 4362 Norcmhr.
615 4317 690 4362 snae
702 4305 873 4362 iibccctii.
888 4305 967 4363 Votis
977 4304 1152 4364 solennibus
1164 4307 1293 4378 septem--

417 4391 538 4467 ··pedae
559 4392 591 4452 in
611 4392 737 4466 collegio
759 4409 783 4452 s.
805 4394 911 4452 Mariae
934 4394 1076 4454 luminum
1097 4396 1291 4469 nuncupatis,

418 4505 430 4532 υ
451 4482 619 4541 rhetoricam
644 4483 674 4538 in
693 4481 826 4556 collegiis
849 4486 1051 4553 mauruncii,
1071 4483 1227 4544 iihurnensi
1252 4500 1285 4544 se

417 4595 430 4621 υ
450 4569 618 4629 bononiensi
638 4571 750 4645 publice
771 4570 876 4630 docuit.
896 4573 976 4632 Circe
997 4589 1104 4631 annum
1124 4575 1285 4634 MDCCCX.

417 4683 430 4708 ν
451 4661 595 4734 ingentem
618 4659 707 4718 subiit
730 4675 891 4720 moerorem·
904 4661 941 4721 eh
961 4660 1133 4720 dissolutam-
1151 4663 1287 4721 sodalita-

420 4773 433 4800 υ
454 4757 524 4808 tenu
536 4765 631 4808 rerem
643 4751 778 4824 prepositi
790 4759 882 4820 tenen
892 4751 1040 4824 pristinam
1053 4753 1125 4810 sitae
1135 4755 1293 4826 maenam,

419 4864 432 4890 ι
452 4838 544 4914 quoad
563 4839 659 4908 licuit,
670 4849 785 4900 secutm
802 4850 853 4899 est.
871 4842 980 4899 interea
997 4856 1072 4900 anno
1085 4845 1284 4902 uocccitiv.

419 4953 431 4976 ι
452 4927 567 5000 expulsa
584 4927 750 5004 tyrannide,
768 4931 828 4989 Dee
845 4929 954 4990 brente
971 4947 1016 4990 res
1034 4929 1072 4989 in.
1082 4933 1193 5005 Europa
1210 4948 1286 4990 cem·

418 5041 431 5067 ι
451 5017 637 5091 ponebantur.
656 5021 739 5077 Tunc
754 5019 846 5078 laetos
864 5022 984 5079 nomam
1004 5019 1089 5079 venit.
1108 5021 1181 5080 Heio
1198 5022 1286 5094 magi-

417 5129 430 5156 ν
451 5113 509 5164 ster
524 5105 675 5166 inemtntis
695 5107 924 5180 prime-eiectum
942 5124 1006 5168 mex
1023 5108 1125 5167 dectm.
1138 5108 1287 5182 theologus

417 5219 430 5244 s
450 5185 575 5252 alumnis
596 5197 700 5254 nestris
721 5187 902 5255 instituendis
925 5197 1103 5256 renuntiatus
1122 5204 1174 5255 est.
1195 5199 1285 5256 Grac·

417 5305 431 5333 ι
450 5279 801 5356 eas,'eop‚tic'ss‘„arabicas
815 5285 1010 5345 et'hebraicas
1020 5286 1129 5345 litteras
1141 5301 1232 5360 usquc
1246 5283 1282 5343 ad

416 5395 430 5422 ν
449 5381 605 5434 mnemon
624 5373 696 5434 ritae
713 5391 781 5436 sose
792 5375 869 5442 diem
884 5375 1074 5458 itastgsdidit,
1090 5386 1124 5435 ut
1139 5393 1204 5436 enm
1222 5393 1285 5436 ene

416 5487 429 5513 υ
449 5461 502 5521 diti
520 5463 572 5520 viri
593 5464 768 5540 philologum
789 5466 834 5526 sui
858 5468 992 5540 temperis
1012 5468 1291 5540 praestantissimum-

416 5575 430 5602 »
449 5552 611 5611 habuerint.
630 5555 732 5611 Orator
749 5553 885 5623 disertus,
900 5553 981 5613 nobis
1000 5554 1080 5612 baud
1093 5555 1180 5612 semei
1199 5556 1284 5630 pieta·

417 5665 429 5690 υ
448 5641 487 5698 tis
504 5641 637 5713 magistu
651 5641 723 5712 init,
737 5640 807 5700 dnm
821 5643 944 5716 angitis
958 5645 1043 5701 annis
1058 5633 1186 5718 religioni
1203 5645 1293 5702 ιιιιιι.

416 5755 429 5782 n
449 5729 549 5790 diebus
565 5747 679 5806 operam
697 5730 841 5790 dedimus:
857 5745 951 5790 meras
967 5747 1081 5808 queque
1094 5732 1285 5806 expeditiones

415 5841 430 5866 ι
449 5833 505 5876 nna
520 5836 585 5878 cum
598 5819 688 5879 sodali
704 5827 801 5878 nostre
812 5819 936 5878 Αιιοιιιο
947 5819 1111 5894 cadelinie,
1122 5837 1200 5879 nnnc
1214 5819 1282 5879 eml-

418 5929 430 5954 ι
452 5908 617 5966 ιιιιιιιιιιιιιο
631 5908 761 5982 episcope
775 5905 959 5981 anconitano,
972 5908 1067 5969 ebirit.
1082 5909 1200 5969 summe
1212 5911 1285 5970 cea·

1364 3347 1377 3374 ι
1397 3321 1567 3396 gregmmnis
1578 3323 1753 3396 Praeposito,
1768 3325 1857 3395 prime
1872 3321 1908 3380 ab
1922 3325 2006 3392 actis,
2019 3321 2084 3381 dein
2100 3321 2225 3396 peritii.

1362 3435 1382 3464 s.
1396 3425 1486 3470 annes
1503 3425 1519 3468 a
1536 3411 1663 3470 masiliis
1679 3410 1746 3472 brit.
1766 3411 1969 3470 bibliothecam
1986 3411 2106 3484 Collegit
2122 3411 2227 3470 instru-

1365 3527 1378 3553 ·
1397 3501 1452 3572 ιιι,
1471 3511 1602 3574 sumptus
1619 3500 1815 3574 suppeditante
1834 3502 1892 3560 rire
1909 3501 2132 3560 eminentissime
2150 3499 2228 3558 Alei·

1365 3617 1378 3642 s
1397 3593 1441 3651 sie
1457 3591 1692 3652 Lambruschinie
1711 3589 1918 3659 Cardnestre,
1935 3592 2018 3664 episc.
2034 3589 2126 3649 sabin.
2146 3593 2230 3648 Anne

1362 3705 1376 3733 s
1395 3679 1653 3740 mccccxxxiv.
1663 3681 1819 3754 parmensis
1830 3679 1947 3754 collegii
1959 3681 2047 3738 nestri
2059 3677 2232 3737 conditores

1365 3792 1379 3820 ι
1398 3777 1599 3828 ornamentum
1613 3767 1728 3828 asstitit.
1743 3770 1947 3843 aegyptiorum
1965 3785 2098 3828 arcanam
2115 3768 2230 3841 sapsa-

1364 3884 1377 3910 »
1398 3859 1482 3928 dam,
1497 3858 1625 3916 universa
1637 3856 1788 3931 plaudente
1804 3867 1833 3916 et
1849 3858 1967 3916 mirante
1985 3861 2111 3931 Europa,
2124 3872 2228 3915 resem-

1361 3973 1374 3999 »
1395 3947 1650 4006 ettoneitseorem
1669 3948 1756 4006 Urbis
1778 3947 2001 4024 hieroglyphicas
2019 3956 2101 4007 netas
2118 3947 2228 4020 primus

1364 4061 1377 4090 s
1398 4039 1596 4111 interpretatus
1609 4037 1834 4111 atqneimitatus
1851 4037 2227 4111 eu.1ussscregerit·xvi.

1361 4151 1374 4178 s
1395 4129 1476 4184 Pent.
1489 4129 1582 4198 hicn,
1600 4126 1646 4183 cui
1662 4126 1824 4186 mnesimm
1838 4133 1914 4197 erat,
1934 4141 2061 4187 museum
2077 4127 2228 4184 Vadeane·

1362 4239 1376 4266 ι
1396 4214 1566 4290 Aegyptium
1587 4224 1652 4287 apte
1670 4213 1769 4272 ordine
1786 4213 1917 4289 digessit3
1934 4231 1966 4274 ex
1985 4224 2063 4288 parte
2081 4216 2165 4274 etiam
2183 4215 2228 4272 in·

1361 4329 1375 4356 ι
1394 4303 1533 4363 lustravit.
1548 4305 1666 4378 Scriptis
1681 4301 1763 4364 editis
1775 4303 2012 4364 lucubratissimis
2026 4319 2075 4380 per
2088 4305 2228 4380 Europam

1360 4419 1374 4444 »
1393 4393 1720 4454 nniversammsxirnem
1735 4409 1840 4454 nemen
1854 4392 1973 4467 adeptus
1988 4402 2040 4452 est.
2060 4395 2135 4454 sere
2150 4391 2186 4452 de
2199 4409 2229 4452 re

1359 4509 1372 4534 ι
1393 4483 1528 4544 litteraria
1548 4492 1577 4542 st
1594 4483 1629 4542 de
1648 4483 1753 4542 Ordine
1772 4491 1868 4542 nostre
1888 4484 2006 4542 meritus
2024 4483 2227 4542 barnabiticam

1360 4572 1592 4634 »bibliothecam
1615 4573 1703 4632 seculi
1727 4575 1750 4629 1.
1772 4583 1835 4647 pest
1857 4589 1940 4632 curas
1960 4572 2116 4632 cardinalis
2138 4573 2229 4631 nestri

1360 4689 1374 4714 »
1396 4663 1536 4723 Francisci
1558 4667 1686 4724 Fennna
1706 4663 1836 4722 censuit.
1857 4664 1933 4721 Hinc
1951 4662 2062 4722 Urbani
2079 4664 2157 4722 Lissi
2175 4663 2227 4720 Se·

1359 4778 1372 4803 ·
1393 4754 1514 4827 pientiae
1527 4753 1626 4810 docter
1638 4753 1804 4826 collegiatus
1819 4750 1961 4821 adlectus,
1979 4752 2164 4828 piscinisque
2177 4750 2229 4810 de·

1360 4865 1373 4890 υ
1394 4843 1447 4898 ctis
1463 4840 1658 4900 sodalitatibus
1675 4840 1843 4914 adscriptus.
1860 4842 1903 4897 iis
1916 4842 2078 4912 Britannia,
2090 4842 2182 4899 Gallia
2201 4851 2230 4900 et

1361 4951 1374 4979 s
1393 4929 1545 4987 Germania
1560 4929 1623 5001 plns
1638 4927 1725 4986 semel
1741 4925 1899 4986 doctissimi
1914 4927 2045 4988 riri'eins
2059 4929 2228 4989 sententiam

1357 5043 1372 5070 ι
1393 5019 1429 5077 da
1451 5019 1544 5078 mbos.
1557 5018 1735 5080 difficillimis
1755 5018 1792 5078 sd
1813 5021 2012 5095 somniassem
2036 5021 2235 5096 meme

1360 5134 1372 5160 ι
1393 5117 1537 5182 rogarunt
1559 5111 1621 5182 ipse
1638 5125 1703 5167 rere
1722 5110 1828 5184 insigni
1846 5117 1963 5170 ornatus
1983 5110 2135 5178 ιιιοιιιιιιι,
2153 5111 2226 5168 inte·

1359 5225 1371 5248 υ
1392 5200 1495 5272 gritnte
1510 5198 1580 5256 ritae
1597 5207 1625 5257 et
1640 5200 1778 5257 honorum
1795 5205 1972 5272 contemptu,
1985 5199 2153 5258 eruditionis
2168 5201 2229 5258 lau·

1356 5309 1370 5336 a
1389 5285 1463 5345 dem·
1477 5285 1645 5345 nobilitavit.
1667 5289 1740 5346 Nam
1763 5288 1898 5364 sapientis
1920 5303 1981 5347 esse
2002 5287 2084 5348 desit
2104 5305 2149 5347 res
2172 5289 2226 5346 ire·

1359 5401 1372 5428 s
1394 5391 1492 5434 manes
1508 5376 1664 5450 despicere,
1678 5385 1807 5436 neumas
1822 5378 1935 5438 intueri.
1954 5380 2113 5454 Repentino
2129 5377 2234 5438 inethe

1358 5491 1371 5517 e
1391 5475 1536 5541 correptus
1555 5468 1599 5542 pie
1617 5467 1735 5527 dmessit
1755 5471 1818 5526 xii.
1831 5470 1898 5526 Ital.
1912 5471 1990 5543 Sept.
2007 5472 2048 5528 iit
2064 5485 2163 5544 pacem
2181 5485 2228 5527 ae·

1358 5581 1370 5604 ι
1392 5563 1499 5613 urnam
1521 5556 1612 5614 sodali
1634 5557 1741 5630 optime
1760 5555 1970 5629 benemerenti,
1987 5573 2073 5632 quem
2094 5557 2226 5630 antiquae

1358 5667 1370 5694 s
1390 5645 1502 5703 virtutis
1518 5655 1546 5702 et
1560 5645 1706 5717 religionis
1720 5645 1862 5720 mespha
1876 5647 2066 5720 suspexissent,
2080 5644 2227 5720 adpreesri

1358 5732 1503 5804 nicheas,
1521 5735 1602 5793 enixa
1620 5749 1760 5806 regamus
1777 5760 1790 5786 ι
1829 5727 1831 5732 ’

1461 5846 1475 5873 s
1498 5825 1600 5879 Datum
1616 5823 1722 5881 hernae
1736 5823 1764 5882 iu
1779 5823 1903 5897 Collegie
1916 5840 1955 5883 ss.
1971 5823 2056 5883 iilnsii
2074 5833 2102 5882 et
2120 5821 2224 5881 Coreli.

1352 5909 1407 5970 iii.
1427 5911 1494 5971 Kal.
1512 5913 1589 5985 Sept.
1609 5926 1685 5971 anne
1703 5913 2003 5973 annectimus
2082 5947 2090 5954 ι-
