4726 6672
514 459 583 536 ttu
1104 455 1477 534 usuruuortotssunt
1502 458 1705 532 carsxxt

509 611 674 707 brugnus..
691 606 754 682 Pro
774 621 804 680 ct
823 607 1002 706 quidquid,
1023 609 1133 707 primo
1155 602 1272 683 sixtini
1292 635 1368 683 cum
1443 609 1489 681 ln
1509 604 1986 694 introibnnt;codd.llas.13.
2001 605 2048 679 Bt
2066 611 2255 687 mainuntu

512 725 627 802 codd
646 739 677 801 et
696 723 1172 824 qatd;uibl.ven.1ttst.u
1191 724 1364 824 qvidqvid.
1446 727 1591 797 civitatis
1611 725 1705 796 illius
1723 722 1844 796 vadent
1860 721 1905 796 cd
1926 722 2128 821 interfectura
2147 729 2255 804 atelle

510 843 573 916 Pro
600 838 777 925 mudum,
802 839 855 912 vel
887 838 1090 912 immundum
1119 854 1184 924 est,
1209 839 1368 914 Rabnnus
1443 841 1547 941 nique
1574 839 1714 914 verbum
1742 839 1872 912 venient
1896 856 2129 938 expunxerunt
2151 841 2253 926 sinui,

508 954 711 1030 immundum
737 969 803 1038 est,
824 954 876 1026 vel
902 954 1071 1027 muudum.
1095 957 1159 1030 Pro
1182 955 1367 1041 iudicetur,
1443 981 1552 1055 neque
1573 955 1695 1053 legitur
1715 955 1750 1027 in
1773 953 1873 1028 codd.
1888 955 1928 1040 ll,
1945 954 1988 1040 E,
2004 953 2053 1040 Κ;
2068 953 2187 1028 Teletos
2200 985 2254 1056 quo

508 1073 583 1146 cod.
601 1071 679 1146 Cas.
697 1074 733 1144 1.
750 1097 812 1169 per
831 1096 884 1144 eos
905 1070 1119 1145 iudicabitur.
1442 1097 1509 1172 que
1530 1071 1666 1146 scribit:
1689 1069 1842 1158 nllebr.,
1863 1095 2009 1168 graecus
2028 1084 2063 1142 et
2082 1069 2175 1170 aliqui
2196 1098 2251 1148 nu.

558 1190 592 1258 6.
613 1186 660 1258 Et
687 1188 816 1260 uenient
827 1229 875 1242 ·-
889 1186 997 1260 Lucas
1024 1187 1209 1284 brugensis
1234 1187 1269 1258 in
1293 1187 1367 1260 suis
1445 1218 1462 1260 v
1480 1213 1545 1260 non
1566 1187 1692 1260 babent
1705 1185 1847 1260 uerbum
1860 1188 2010 1270 veniam,
2026 1186 2085 1258 sed
2100 1203 2253 1260 mnnectnrt

507 1301 738 1376 Notationibue
764 1301 807 1374 ed
835 1300 870 1373 b.
888 1301 911 1371 l.
929 1302 1063 1374 scribit:
1084 1302 1231 1374 «Latina
1256 1328 1367 1374 exem·
1443 1333 1461 1374 n
1479 1311 1495 1396 (
1500 1304 1639 1374 maiores
1655 1315 1736 1374 natu
1744 1307 1760 1394 l
1776 1327 1854 1374 cum
1869 1301 1976 1375 verbo
1994 1299 2155 1386 lavabmt,
2169 1318 2196 1374 et
2207 1329 2253 1377 non

511 1449 528 1496 v
546 1418 653 1519 pieria
671 1417 832 1518 pleraque
847 1416 961 1490 omnia
980 1416 1079 1492 nobis
1095 1419 1171 1490 visa
1190 1417 1305 1512 legunt
1321 1418 1369 1492 lit.
1444 1444 1462 1490 v
1478 1415 1595 1513 legunt
1615 1443 1689 1515 que.
1705 1415 1771 1489 Sed
1788 1414 1942 1514 Compl,
1959 1416 2067 1512 lleg.,
2082 1415 2156 1489 Ord.
2169 1435 2195 1488 et
2210 1416 2253 1490 alin

512 1534 675 1606 »venient
697 1537 773 1629 (aut
791 1535 941 1626 veniunt)
963 1533 1102 1604 maiores
1120 1547 1201 1604 natu
1220 1533 1366 1606 civitatis
1444 1532 1644 1630 »impressa
1658 1531 1784 1605 babent
1797 1547 1835 1604 ut
1850 1532 1886 1602 in
1904 1547 1997 1606 textu
2018 1535 2095 1627 (seu
2109 1531 2251 1625 ed.Sirti);

510 1681 527 1718 v
545 1649 639 1722 illius
652 1647 696 1722 ad
710 1650 926 1748 intersectum,
942 1649 1160 1746 lavabuntque
1173 1664 1361 1721 manusetc.
1443 1677 1460 1722 u
1480 1663 1622 1746 utruque
1640 1647 1738 1720 lectio
1752 1647 1793 1744 ¹in
1812 1645 1970 1720 eumdem
1992 1671 2126 1719 sensnm
2143 1645 2250 1718 tendit.»

511 1763 724 1864 »Exemplar
750 1780 882 1850 autem,
908 1763 999 1864 quod
1028 1763 1126 1837 nobis
1155 1763 1366 1836 commodato
1441 1764 1587 1837 btuuro
1615 1763 1729 1836 sixtini
1758 1777 1792 1836 et
1817 1761 1947 1836 laudati
1977 1761 2114 1836 codices
2138 1766 2253 1860 (erupto

510 1909 527 1950 n
545 1879 638 1954 misit
656 1878 918 1956 colendissimus
936 1879 1113 1952 bobiensis
1130 1877 1283 1950 coenobii
1303 1878 1367 1950 Ab·
1441 1879 1517 1952 cod.
1534 1879 1607 1975 K),
1627 1894 1793 1979 expuncto
1810 1880 1958 1964 venient,
1975 1878 2172 1952 retinuerunt
2189 1880 2251 1950 buo

510 1995 624 2082 ubas,
644 1994 763 2070 scribit
780 1995 825 2066 Et
847 1997 985 2068 maiores
1006 2009 1087 2066 notu
1109 1996 1253 2067 civitatis
1273 1993 1367 2070 illius
1443 1996 1600 2093 buntque;
1615 1995 1786 2094 adeoque,
1802 1995 1913 2094 posita
1929 1993 2140 2095 parenthesis
2154 2011 2213 2066 nota
2224 1993 2251 2066 dc

510 2111 589 2185 uad
608 2112 823 2210 intersectum,
838 2111 1058 2208 lavabuntque
1071 2118 1190 2184 manus
1203 2127 1283 2198 ete,
1297 2137 1366 2186 non
1441 2138 1509 2211 qun
1530 2112 1752 2210 insuperiori
1773 2111 1958 2196 versiculo,
1975 2111 2251 2186 connectebantur

510 2226 790 2300 »bebot'uenient
807 2252 868 2299 seu
885 2228 1034 2309 veniant,
1054 2225 1119 2298 nisi
1139 2225 1242 2298 altera
1262 2251 1365 2302 mauu
1442 2229 1525 2300 iares
1543 2242 1624 2301 natu
1645 2253 1722 2301 cum
1742 2226 1844 2301 uerbo
1861 2227 2076 2326 accedentque
2095 2241 2179 2326 prout
2192 2241 2252 2298 nau

510 2341 760 2418 »interlineas
782 2342 1049 2440 scriptum.Hoa
1071 2341 1184 2440 ipsum
1207 2340 1368 2415 Rnbnnus
1442 2342 1624 2416 declaravit
1642 2344 1749 2416 Lucas
1771 2343 1970 2440 brugensis.

512 2485 530 2528 u
547 2456 796 2558 praetermittit,
814 2455 916 2530 ita'ut
934 2483 972 2528 en
991 2455 1271 2555 praecedentibus
1292 2482 1367 2530 sen·
1448 2507 1453 2514 -
1491 2457 1578 2530 lbid.
1602 2458 1820 2555 lavabuntque
1831 2457 1967 2532 -cod
1983 2456 2027 2546 K,
2042 2458 2127 2530 Beda
2144 2457 2179 2542 ll,
2192 2459 2247 2527 ill.

511 2574 650 2648 utentia
676 2571 821 2671 pendent
844 2571 1060 2669 dccedmtque
1086 2571 1265 2648 sacerdotes
1287 2571 1368 2644 Levi
1444 2575 1618 2658 lavabunt,
1635 2574 1802 2648 accedunt
1818 2573 1914 2647 bebr.
1928 2591 1964 2646 et
1979 2589 2122 2660 veteres,
2135 2589 2167 2646 ut
2179 2597 2249 2670 supra

510 2691 651 2786 u(quot
671 2687 769 2784 aleqit
796 2687 955 2762 Dominus
981 2702 1044 2760 cta.
1070 2712 1159 2785 quae
1188 2685 1366 2786 peronthc·
1442 2690 1570 2762 dictum
1592 2707 1657 2764 est.
1675 2691 1773 2788 lingo
1793 2706 1827 2763 et
1850 2715 1970 2788 margo
1996 2689 2113 2764 Ordin.
2128 2689 2250 2762 budru-

508 2829 622 2878 uscos
646 2802 735 2875 notis
762 2800 1025 2896 concludentur)
1050 2816 1080 2877 et
1102 2828 1209 2874 omnes
1227 2804 1365 2874 maiores
1442 2832 1521 2904 que,·
1535 2821 1654 2906 coptus
1673 2823 1708 2879 et
1725 2805 1826 2878 arabs
1847 2809 1881 2878 3.
1898 2807 2066 2880 belmesii
2081 2804 2247 2903 panucula

508 2949 525 2996 u
541 2934 623 2994 natu
647 2919 799 3023 civitatis⁸
818 2919 929 3003 illius,
954 2918 999 2990 ad
1023 2919 1248 3016 intersectum:
1274 2919 1367 2990 laua—
1442 2935 1557 3020 pertus
1585 2935 1615 2992 et
1644 2922 1813 2994 lavabunt.
1840 2923 1920 2996 Post
1945 2949 2067 2994 amnne
2092 2922 2185 2992 bruno
2204 2929 2247 2989 ut.

508 3066 526 3109 u
543 3035 683 3134 buntque
700 3061 818 3108 manua
835 3051 898 3108 etc.
918 3034 1083 3108 Hebraico
1099 3033 1223 3131 legitur
1240 3035 1287 3106 Et
1303 3060 1368 3106 omn
1441 3049 1527 3108 tacet
1542 3061 1638 3121 suas;
1655 3035 1732 3108 item
1751 3061 1910 3133 graecus,
1927 3037 1992 3111 sed
2008 3036 2052 3110 cl,
2069 3034 2195 3108 Halmes.
2207 3033 2250 3100 Pto

509 3177 600 3223 unm
629 3152 769 3223 seniores
799 3151 943 3222 civitatis
972 3150 1086 3233 illius,
1112 3150 1295 3247 propinqui
1322 3147 1367 3222 ad
1437 3176 1610 3248 percussa,
1632 3150 1709 3223 cod.
1728 3151 1758 3222 ll
1780 3165 1872 3224 notat
1893 3151 1994 3224 bobr.
2011 3151 2115 3248 legere
2127 3145 2247 3247 nonbi-

508 3267 701 3351 umanum,
724 3265 883 3340 lavabunt
900 3291 1017 3338 manus
1038 3280 1123 3351 etc.;
1145 3265 1188 3339 ud
1209 3263 1364 3337 eumdem
1442 3281 1528 3352 tata;
1543 3282 1580 3338 at
1600 3265 1679 3339 ride
1697 3290 1801 3365 supra
1820 3265 1864 3340 ad
1884 3292 1978 3341 vers.
1997 3269 2031 3338 l.

509 3383 613 3456 viere
643 3381 781 3457 modum
815 3381 990 3455 chaldaice
1019 3379 1140 3478 legitur
1169 3397 1202 3454 et
1230 3406 1362 3476 graece.
1492 3384 1527 3454 t.
1547 3383 1741 3477 sanquinem
1763 3381 2060 3468 bunc-Sixtini,
2077 3373 2245 3460 nutat

509 3497 672 3573 vllabani
687 3497 806 3584 lectio,
821 3497 913 3596 quod
930 3485 985 3594 aqi
1004 3515 1171 3604 nuntrpn
1185 3497 1368 3596 propinqui
1440 3497 1482 3584 D,
1500 3498 1543 3584 E,
1561 3499 1603 3582 li,
1618 3497 1667 3584 H,
1682 3497 1732 3583 Κ,
1748 3499 1847 3584 Κ,“8,
1864 3498 1906 3585 Τ,
1922 3499 1971 3586 U,
1987 3499 2025 3586 li,
2042 3491 2248 3578 babaecalis·

508 3612 764 3713 nmspundeat,
784 3612 871 3685 nibil
896 3613 1011 3686 habet.
1032 3613 1072 3685 ld
1095 3629 1207 3687 autem
1230 3612 1265 3684 in
1291 3609 1367 3684 uul—
1442 3630 1574 3712 pertus,
1590 3615 1703 3688 Bruno
1722 3629 1803 3700 ast,
1820 3614 1920 3711 lingo
1940 3615 2029 3688 bunc
2044 3613 2214 3710 sanquinem.

507 3746 621 3828 »gata
648 3728 792 3804 lectione
816 3731 946 3802 venient
972 3753 1049 3801 esse
1069 3729 1227 3815 videtur,
1252 3741 1289 3800 ut
1314 3725 1366 3798 in·
1491 3733 1525 3800 8.
1547 3755 1641 3828 qvem
1667 3728 1835 3803 redemisti
1854 3771 1897 3786 -
1916 3729 2028 3802 codd.
2048 3728 2120 3801 Cas.
2140 3727 2169 3796 l.
2184 3743 2247 3818 qun

511 3844 709 3919 vtellcxerit
732 3844 898 3944 interpres
919 3847 1101 3942 propinqui
1124 3845 1216 3943 fient,
1237 3842 1272 3915 id
1295 3857 1363 3928 est,
1441 3846 1579 3944 alcqirti.
1598 3848 1661 3920 l’ro
1679 3873 1719 3919 nc
1739 3861 1882 3944 reputes,
1900 3846 2004 3920 codd.
2020 3846 2064 3932 Α,
2078 3843 2117 3928 G,
2129 3842 2164 3926 Ι),
2176 3833 2244 3920 llll

510 3992 528 4038 v
546 3961 684 4036 venient
711 3959 755 4034 nd
783 3961 953 4047 occisum
977 3960 1038 4033 sed
1070 3958 1280 4034 commodius
1306 3957 1366 4034 alii
1442 3960 1482 4049 G,
1498 3962 1546 4047 Η,
1562 3962 1610 4048 K,
1627 3963 1666 4049 R,
1682 3962 1719 4048 S,
1735 3963 1772 4050 T,
1790 3962 1830 4047 U,
1846 3963 1884 4050 v,
1899 3961 1981 4035 Cas.
2001 3949 2243 4046 touillon,

511 4075 755 4174 »intellignnm
775 4077 924 4148 Seniores
945 4077 1107 4159 acuitatis,
1129 4100 1212 4172 quac
1229 4075 1367 4172 propin-
1442 4075 1522 4150 Van.
1541 4071 2246 4174 tatu,1t0g,ttabanus,1tuperus‚lruu

512 4193 642 4291 nquior
655 4207 719 4276 est,
737 4191 790 4264 vel
807 4193 867 4288 qui
880 4191 1130 4288 propinquiores
1149 4204 1226 4270 sunt
1244 4190 1363 4272 occiso,
1442 4209 1527 4280 nst,
1544 4193 1643 4290 Hugo
1662 4219 1728 4264 non
1744 4207 1891 4291 reputem
1907 4193 1996 4265 bibl.
2013 4187 2247 4266 Ven.1llll.nu

512 4337 530 4376 u
548 4307 706 4382 beabunt
726 4323 792 4382 etc.
808 4306 860 4378 bn
879 4323 991 4380 autem
1012 4307 1112 4380 etiam
1134 4303 1369 4384 sacerdotibus,
1441 4323 1574 4407 repetes.
1592 4311 1654 4382 Pro
1670 4310 1717 4382 Et
1734 4309 1917 4408 auferetur,
1934 4308 2055 4384 Glossa
2070 4295 2247 4380 interlinearis

511 4449 675 4499 amanus,
692 4449 796 4522 super
816 4422 958 4496 vitulam
984 4423 1147 4498 lavandae
1168 4421 1309 4507 luerint,
1331 4419 1366 4492 id
1442 4427 1498 4498 Sic
1520 4426 1699 4525 auferetur.
1831 4427 1835 4436 '

512 4539 637 4638 vquod
658 4537 787 4612 baboni
808 4538 952 4612 lectione
971 4538 1119 4637 praecipi
1140 4538 1291 4621 iubetur,
1307 4535 1368 4614 du·
1494 4543 1529 4612 9.
1552 4555 1587 4612 tu
1613 4555 1722 4612 autem
1743 4538 2023 4613 alienus-Cod.
2038 4537 2110 4610 cn.
2126 4535 2155 4604 l·
2168 4543 2195 4599 lt
2210 4549 2247 4594 ⁰*

511 4685 528 4734 u
545 4653 646 4729 bituri
665 4654 784 4729 merito
805 4668 925 4752 potest.
945 4653 1042 4738 Quod
1061 4651 1222 4725 nonnulla
1240 4650 1366 4748 scripta
1444 4669 1505 4728 tem
1523 4657 1687 4728 innocens.
1706 4656 1769 4728 Pro
1784 4656 1879 4754 simus
1896 4670 1959 4740 est,
1976 4653 2072 4730 codd.
2087 4649 2122 4736 A,
2135 4645 2170 4731 ll,
2182 4643 2209 4726 S,
2219 4637 2242 4716 b

511 4769 661 4868 »legunt
676 4770 723 4842 Et
739 4771 873 4846 veniant
894 4771 1049 4852 maiores,
1067 4767 1287 4868 sequentibus
1306 4766 1368 4846 mi·
1442 4770 1521 4844 Cas.
1540 4772 1594 4856 b,
1615 4769 1701 4844 uibl.
1720 4769 1840 4844 Onlin.
1857 4771 1981 4868 effusus
2005 4783 2061 4842 cst.
2078 4767 2134 4838 Pro
2150 4777 2244 4858 praua

511 4916 528 4956 u
544 4912 613 4960 nus
641 4885 808 4983 congruit.
834 4884 935 4970 Quod·
965 4885 1040 4958 cod.
1071 4881 1366 4981 sangermanensis
1437 4891 1491 4986 pit
1511 4889 1685 4971 Dominus,
1705 4887 1781 4960 cod.
1798 4888 2011 4986 bpvceeepit
2036 4885 2094 4957 tibi
2111 4876 2242 4952 lleninut

511 5031 528 5080 u
544 5001 640 5074 addit
659 5027 782 5086 omnes,
800 5000 919 5097 legens¹
933 5002 980 5072 Et
997 5002 1125 5074 venient
1143 5027 1250 5072 omnes
1267 5001 1368 5072 maic-
1442 5002 1517 5084 aad.
1536 5004 1566 5074 Η
1588 5019 1680 5078 notat
1699 5000 1795 5075 hebr.
1813 5001 1925 5100 legere
1937 5017 2058 5076 rectum
2072 4983 2243 5071 retinaculi

511 5143 603 5196 vves,
616 5132 701 5206 cte,
718 5117 856 5191 Rabani.
875 5118 997 5204 textui,
1017 5116 1181 5204 hebraeo,
1202 5115 1368 5194 chaldaeo
1441 5119 1587 5192 Domini.
1884 5121 1887 5128 ⁴

510 5250 582 5312 vet:
602 5259 722 5332 graeca
745 5235 914 5308 convenit.
934 5265 951 5304 v
971 5234 1153 5312 Hactenus¹
1167 5234 1362 5331 brugensis.
1457 5299 1460 5308 .
1490 5237 1550 5307 lb.
1572 5236 1613 5306 Si
1630 5259 1776 5333 eqreseur
1795 5236 1900 5334 sura
1918 5234 1964 5307 od
1980 5213 2243 5346 papnnn-lsidu

508 5351 610 5426 Hisce
626 5377 706 5426 uero
729 5349 893 5426 nonnulla
910 5377 949 5424 ex
967 5351 1092 5424 nostris
1115 5349 1291 5425 codicibus
1309 5348 1367 5424 ad·
1442 5378 1500 5425 rus
1516 5351 1554 5437 V,
1569 5353 1668 5436 lib,
1683 5351 1774 5423 Beda
1790 5353 1834 5438 ll,
1852 5353 1935 5423 389.
1949 5351 2002 5439 lv,
2020 5349 2095 5421 lib.
2109 5341 2145 5412 Si
2157 5349 2243 5408 mnu

508 5467 619 5540 denda
643 5480 734 5542 sunt.
752 5466 859 5540 codd.
876 5465 919 5554 C,
935 5465 977 5553 ll,
995 5467 1036 5552 F,
1053 5464 1096 5551 Ο,
1113 5466 1151 5550 Τ,
1168 5466 1213 5551 U,
1231 5465 1308 5540 Cas.
1327 5467 1361 5535 3.
1440 5468 1486 5542 ad
1502 5468 1638 5551 bellum;
1653 5467 1822 5565 Rupertus
1837 5469 1878 5538 Si
1894 5491 2040 5564 eqrcrsus
2053 5458 2144 5560 [mni
2158 5447 2241 5540 adpu-

507 5581 552 5658 lit
572 5584 723 5668 veniant,·
743 5583 903 5656 Rabanus
925 5583 960 5652 in
986 5605 1116 5680 nupera
1135 5581 1281 5654 editione
1303 5581 1370 5656 Pae
1440 5584 1626 5682 quandum,
1643 5583 1775 5682 Haymo
1791 5581 1932 5680 txvltl,
1950 5582 2031 5654 ill.
2049 5577 2121 5648 Cum
2135 5577 2241 5664 ΨΜ*

509 5700 662 5774 rincum
682 5697 879 5786 codd.L,·Q
898 5695 1367 5783 Etvenientomnes;cod.ll
1441 5701 1546 5799 suerr's
1567 5699 1611 5772 orl
1628 5725 1797 5798 pstquam
1817 5697 1877 5772 sed
1898 5723 1977 5796 pag.
1995 5697 2072 5768 bib.
2086 5689 2121 5760 Si
2135 5690 2241 5778 eqrnsu

509 5813 693 5906 binmaus,
706 5831 744 5890 nt
759 5814 925 5892 hebraeus
942 5830 975 5890 et
988 5830 1136 5902 totamm
1148 5812 1313 5890 aediles.
1326 5817 1360 5888 1.
1441 5815 1545 5912 fucris
1571 5813 1615 5887 ad
1638 5814 1775 5900 bellum;
1797 5812 1887 5888 cons.
1904 5811 2062 5886 Sabatier.
2077 5819 2105 5877 ct
2119 5792 2237 5870 bolca·
