4750 6694
780 491 1024 568 APPXllthlS
1048 491 1237 568 cuncus
1774 495 1913 570 LXXXV

105 632 328 757 epigraphe
347 641 535 724 discimus
555 641 771 722 iohannem
793 644 1025 752 episcopum
1047 645 1339 726 cordubensem
1362 673 1470 726 anno
1489 647 1680 729 MXXVl.
1702 678 1815 732 aerae
1834 653 1913 736 his·

104 773 272 880 punicae
288 768 386 875 (qui
403 765 522 848 nobis
540 782 600 847 cst
616 793 747 846 annus
766 767 1215 865 DCCCCLXXXVlll.;
1242 767 1292 848 cl.
1314 767 1492 849 lulianus
1506 771 1728 870 toletanus,
1750 775 1913 854 Patrol.

104 914 206 974 tom.
226 892 399 984 XCVI,
426 890 545 993 584.)
568 889 922 996 praeclarissimum
948 890 1058 970 bunc
1085 889 1281 986 codicem,
1302 909 1505 1001 acceptum
1530 895 1774 975 aSerrnndo
1802 896 1915 978 divae

105 1015 344 1108 memoriae,
375 1013 449 1120 qui
475 1010 650 1092 eiusdem
677 1030 821 1092 auctor
838 1040 1116 1122 possessorque
1142 1013 1260 1094 luisse
1288 1013 1455 1113 dicitur,
1486 1017 1671 1098 ecclesiae
1695 1019 1914 1125 hispalensi

104 1141 345 1222 attribuisse.
373 1136 478 1216 Hinc
502 1134 715 1216 Faustinus
737 1135 929 1216 Arevalus
951 1141 1092 1245 (Opp.
1113 1167 1147 1217 s.
1169 1138 1322 1219 Isidori
1345 1156 1441 1218 tom.
1464 1143 1534 1236 II,
1554 1169 1601 1249 p.
1625 1143 1691 1221 85.
1713 1160 1750 1222 et
1776 1151 1913 1251 seqq.)

104 1264 264 1346 censuit
290 1261 401 1341 illum
428 1287 514 1340 non
539 1275 633 1338 ante
655 1261 707 1338 X.
728 1259 903 1340 seculum
932 1261 1062 1373 fuisse
1078 1263 1371 1369 conscriptum
1392 1262 1652 1371 eamdemque
1677 1267 1914 1345 sententiam

104 1385 358 1466 confirmavit
373 1383 600 1464 testimonio
622 1381 824 1464 Marianae
841 1385 1024 1485 (dissert.
1040 1413 1117 1494 pro
1138 1386 1264 1493 Vulg.
1285 1386 1380 1465 edit.
1402 1416 1437 1464 c.
1459 1390 1510 1466 X
1509 1390 1639 1467 VIII.
1646 1393 1699 1488 )‚·
1719 1393 1759 1467 at
1777 1389 1849 1467 iste
1872 1389 1914 1468 in

104 1512 274 1618 epistola
292 1507 535 1589 dedicatoria
553 1505 733 1613 praefixa
753 1509 910 1588 Comm.
927 1507 985 1586 ad
1003 1510 1056 1588 V.
1073 1526 1112 1586 et
1129 1511 1183 1590 N.
1204 1514 1275 1604 T.,
1300 1504 1477 1589 codicem
1496 1511 1716 1590 toletanum
1734 1510 1785 1590 ad
1802 1512 1911 1589 Vlll.

104 1634 285 1715 seculum
312 1631 513 1740 pertinere
539 1645 677 1737 aperte
704 1629 868 1710 tradidit
896 1634 975 1738 (cs.
997 1633 1196 1713 Aresolus
1223 1651 1317 1712 tom.
1341 1635 1386 1727 I,
1408 1662 1454 1742 p.
1477 1634 1615 1739 307.),
1636 1636 1754 1742 eique
1781 1636 1915 1716 conci-

104 1775 214 1837 nunt
232 1757 455 1836 Palornares
470 1769 511 1834 et
528 1753 799 1834 Blancbinius.
821 1755 963 1862 Neque
981 1755 1113 1836 obstat
1132 1773 1344 1836 memorata
1363 1758 1597 1864 epigraphe;
1614 1760 1790 1838 auctoris
1808 1760 1914 1839 enim

103 1883 272 1962 nomine
298 1879 362 1958 illa
391 1893 516 1958 aetate
542 1877 821 1986 appellabatur
846 1878 1040 1958 domim
1061 1879 1135 1975 rei,
1160 1881 1222 1959 vel
1246 1881 1320 1988 qui
1343 1908 1423 1958 rem
1449 1882 1587 1960 alicui
1603 1883 1830 1978 alienabat,
1856 1887 1915 1961 uti

103 2003 226 2084 docet
252 2003 425 2108 Cangius
450 2001 495 2080 in
521 2001 727 2106 glossario.
754 1999 832 2079 Sed
860 2001 960 2095 alia,
984 2000 1203 2109 eademque
1230 2003 1399 2112 optima,
1424 2004 1542 2084 nobis
1569 2005 1611 2084 in
1638 2022 1830 2113 promptu
1856 2023 1916 2086 est

103 2129 210 2206 ratio
234 2155 309 2234 pro
332 2126 453 2205 huius
474 2121 623 2206 codicis
645 2123 895 2230 antiquitate.
922 2125 1021 2204 Nam
1046 2125 1130 2204 eius
1153 2141 1286 2208 textus
1309 2127 1390 2208 fere
1412 2126 1464 2206 ad
1487 2129 1715 2208 amiatinum
1739 2127 1912 2224 accedit,

103 2267 230 2357 atque
256 2249 308 2329 ab
334 2247 578 2341 decissione,
598 2271 719 2352 quam
747 2244 905 2343 dicunt,
927 2249 1181 2346 recensione,
1208 2277 1313 2358 quae
1340 2269 1431 2358 post
1453 2252 1561 2331 Vlll.
1583 2253 1760 2333 seculum
1786 2281 1916 2360 paene

104 2374 320 2452 universos
345 2369 501 2450 codices
524 2370 752 2477 occupavit,
773 2371 961 2449 immunis
984 2388 1056 2451 est.
1082 2373 1333 2481 Quamquam
1358 2376 1527 2458 fatemur
1550 2378 1738 2484 hispanos
1760 2376 1917 2458 codices

103 2496 159 2576 ad
188 2496 433 2576 alcuinianas
455 2493 647 2574 lectiones
664 2494 734 2573 vix
751 2494 877 2573 serius
897 2498 1117 2575 accessisse.
1141 2497 1368 2604 Singulares
1392 2527 1557 2607 quoque
1580 2501 1702 2580 habet
1725 2501 1917 2580 lectiones

104 2637 147 2698 et
175 2618 369 2698 nonnulla
395 2615 688 2712 additamenta,
708 2644 813 2724 quae
840 2645 863 2696 a
890 2619 1042 2724 graems
1063 2617 1200 2700 Bibliis
1225 2618 1399 2702 derivata
1422 2621 1622 2703 videntur.
1644 2624 1761 2704 Conl.
1783 2623 1913 2704 Exod.

103 2743 221 2838 XXI,
245 2769 311 2848 29.
328 2741 476 2838 XXlll,
499 2768 564 2820 aa.
586 2739 708 2818 Num.
731 2738 842 2838 XlV,
864 2741 930 2820 23.
951 2743 1070 2821 Deut.
1087 2742 1158 2839 Vl,
1180 2745 1220 2824 3.
1242 2745 1334 2841 XV,
1361 2749 1421 2826 15.
1443 2746 1607 2825 Librum
1626 2746 1781 2829 Baruch
1803 2749 1916 2855 igno·

103 2881 189 2963 rat;
216 2864 388 2972 psalmos
413 2891 465 2943 ex
493 2863 792 2968 hieronymiana
819 2864 1147 2970 interpretatione
1172 2865 1222 2946 ad
1248 2868 1471 2950 hebraicam
1494 2870 1695 2950 veritatem
1724 2870 1916 2950 adornata

103 3016 207 3096 prae
230 3014 272 3068 se
293 2986 387 3084 fert,
409 3015 513 3095 quos
541 3001 752 3093 propterea
777 2987 998 3067 Palomares
1025 2988 1206 3068 conferre
1229 2992 1503 3097 praetermisit.
1530 2992 1679 3072 Omnes
1703 2993 1824 3071 huius
1850 3021 1918 3074 co-

105 3113 209 3194 dicis
230 3113 445 3192 lectionum
462 3113 671 3190 varietates
689 3138 739 3189 ex
761 3110 850 3218 ipso
875 3112 1125 3192 Palomarcsii
1145 3116 1394 3222 autographo
1413 3116 1457 3194 in
1474 3117 1652 3195 vaticana
1673 3116 1917 3198 bibliotheca

105 3236 320 3316 observato
346 3232 605 3342 proferimus3
626 3260 725 3314 nam
743 3234 1063 3315 blanchinianam
1086 3235 1299 3318 editionem
1323 3239 1416 3346 plus
1438 3240 1557 3318 semel
1580 3238 1810 3318 mendosam
1833 3267 1918 3321 esse

105 3359 383 3468 cognovimus.
413 3362 640 3455 Praeterea,
661 3356 774 3464 quod
799 3358 1343 3467 probeanimadvertendum
1365 3381 1443 3457 est,
1465 3361 1722 3442 Blanchinius
1749 3364 1918 3470 protulit

105 3499 266 3564 tanmm
291 3483 420 3562 varias
445 3481 634 3562 lectiones
657 3509 757 3588 quas
777 3479 898 3561 habet
919 3480 1120 3562 toletanus
1141 3482 1268 3564 codex
1291 3502 1542 3591 comparatus
1565 3513 1656 3564 etun
1678 3484 1918 3590 lugdunensi

106 3606 305 3700 editione,
327 3604 378 3686 de
404 3632 486 3712 qua
513 3633 632 3712 supra
661 3603 812 3684 dictum
838 3621 916 3703 est3
941 3604 1127 3711 adeoque
1154 3607 1313 3714 quoties
1333 3607 1461 3688 codex
1484 3608 1534 3688 ab
1559 3608 1833 3688 beneditione
1858 3635 1918 3688 re·
1999 3639 2002 3644 ¹

106 3729 238 3825 cedit,
261 3729 334 3810 eui
360 3756 453 3808 cum
480 3727 715 3808 clementina
743 3728 867 3834 legat,
886 3729 954 3808 ille
974 3732 1202 3810 uarietatem
1224 3731 1407 3832 lectionis
1434 3748 1564 3811 notat:
1590 3748 1631 3810 et
1653 3749 1794 3810 contra
1816 3759 1918 3838 quo·

107 3855 183 3933 ties
210 3852 340 3934 codex
367 3880 458 3932 cum
483 3851 723 3960 lugdunensi
747 3852 884 3932 eadem
911 3853 1086 3934 editione
1114 3856 1333 3952 consentit,
1355 3857 1428 3934 etsi
1456 3883 1540 3934 non
1567 3882 1695 3961 aeque
1721 3883 1813 3934 cum
1841 3856 1918 3934 cle·

106 3977 289 4057 mentina
315 3975 454 4073 faciat,
484 3975 742 4056 Blanchinius
769 3993 885 4056 tacet.
917 3976 1176 4085 Quapropter
1201 3977 1489 4083 lugdunensem
1519 3981 1645 4087 ipsam
1676 3978 1915 4074 editionem,

108 4103 199 4195 cui,
221 4101 313 4182 licet
338 4103 581 4184 hentcniana
608 4103 677 4197 sit,
698 4101 917 4207 singulares
937 4101 1129 4180 lectiones
1150 4100 1259 4181 baud
1288 4101 1452 4198 desunt,
1475 4131 1565 4182 cum
1592 4101 1827 4182 clementina
1850 4129 1918 4181 ne·

108 4227 281 4306 cessario
303 4227 546 4306 contulimus
573 4243 620 4305 ut
645 4225 810 4306 toletani
835 4223 983 4304 codicis
1010 4226 1183 4330 integras
1208 4225 1398 4306 lectiones
1426 4227 1675 4306 haberemus.

219 4349 259 4428 3.
280 4346 380 4428 cod.
402 4349 449 4428 C·
474 4349 550 4429 Hic
573 4365 633 4430 est
651 4348 992 4456 splendidissimus
1008 4348 1229 4429 Bibliorum
1250 4348 1374 4429 codex
1394 4352 1720 4431 membranaceus
1738 4350 1779 4428 in
1798 4349 1915 4444 folio,

24 4532 28 4542 .
109 4471 277 4578 picturis
302 4473 515 4579 aureisque
541 4474 784 4555 ornamentis
809 4473 996 4578 insignis,
1018 4500 1138 4581 quem
1163 4472 1300 4553 saltem
1323 4502 1345 4552 a
1367 4473 1501 4556 seculo
1524 4474 1615 4553 XV.
1638 4475 1817 4581 religiose
1840 4501 1918 4554 ser·

109 4612 207 4675 vent
224 4596 410 4676 ntonachi
426 4623 457 4674 s.
479 4593 683 4676 Benedicti
703 4594 856 4676 ordinis
875 4597 1110 4676 cassinensis
1128 4594 1239 4702 apud
1257 4596 1462 4678 Basilicam
1483 4625 1516 4676 s.
1539 4598 1663 4676 Paulli
1684 4615 1794 4677 extra
1812 4623 1920 4677 moe·

108 4721 179 4798 nia
206 4719 343 4800 Urbis.
369 4721 430 4800 De
459 4719 525 4800 illo
552 4721 793 4801 mentionem
822 4721 974 4801 habent
1003 4719 1205 4801 Marianus
1230 4720 1454 4816 Victorius,
1480 4721 1701 4801 Richardus
1728 4721 1919 4802 Cenoma-

109 4871 209 4938 nus,
230 4844 397 4925 Basilius
413 4843 631 4942 Zanehius,
652 4846 793 4926 beatus
811 4847 1065 4940 Thomasius,
1087 4843 1325 4939 Vallarsiue,
1346 4845 1515 4952 aliique;
1538 4846 1605 4926 sed
1631 4846 1745 4953 plura
1763 4844 1921 4924 dabunt

108 4968 368 5048 Blanchinius
393 4977 421 5070 (
425 4972 470 5048 V
467 4969 646 5048 indiciae
668 4999 713 5078 p.
745 4969 1030 5052 CCCXXIX.
1060 4983 1096 5047 et
1121 4995 1230 5076 seqq.
1239 5029 1252 5066 ,
1282 4969 1535 5078 Evangelior.
1564 4971 1709 5076 quadr.
1730 4986 1851 5077 porte
1878 4999 1917 5048 a.

103 5121 155 5200 p.
172 5094 346 5172 DLXX
345 5096 391 5172 V
386 5097 450 5174 II.
469 5111 509 5173 et
529 5095 622 5174 DX
621 5096 744 5176 CIII.
750 5100 778 5195 )
787 5154 800 5190 ,
825 5094 1081 5174 lllabillonius
1099 5093 1204 5192 (iter
1221 5093 1350 5172 italic.
1365 5123 1413 5200 p.
1432 5095 1498 5173 68.
1513 5100 1631 5200 seq.)
1649 5110 1689 5172 et
1710 5094 1921 5173 Vezzosius

109 5215 192 5315 (in
214 5215 278 5293 ed.
299 5245 463 5324 operum
487 5217 525 5296 b.
549 5220 589 5299 T
584 5217 762 5298 demasii
764 5226 793 5320 )
799 5279 812 5315 ,
838 5246 1011 5327 quorum
1031 5217 1144 5324 prior
1161 5217 1445 5324 amplissimum
1464 5216 1586 5296 habet
1609 5217 1805 5323 specimen
1829 5215 1920 5294 cha·

110 5353 310 5417 racterum
327 5338 504 5419 eiusdem
522 5339 670 5419 codicis
688 5367 779 5420 acre
798 5341 980 5420 incisum.
1004 5339 1081 5416 Alii
1098 5340 1362 5447 paullinam,
1388 5341 1452 5418 alii
1472 5341 1701 5418 carolinum
1722 5339 1833 5417 illum
1852 5365 1921 5445 ap·

110 5462 284 5569 pellant:
310 5463 422 5571 prius
449 5491 595 5556 nomeu
619 5491 668 5542 ex
690 5463 779 5543 loco
803 5465 845 5542 in
869 5491 954 5570 quo
979 5460 1205 5542 custoditur
1227 5465 1397 5570 petitum
1426 5479 1503 5562 cst3
1530 5462 1695 5543 alterum
1721 5490 1771 5541 ex
1798 5461 1921 5540 veteri

111 5585 270 5681 fabula,
291 5603 339 5666 ut
354 5585 531 5682 videtur,
553 5584 604 5668 de
623 5587 768 5667 Carolo
788 5587 1048 5693 lmperatore,
1071 5589 1135 5666 cui
1155 5584 1334 5666 oblatum
1357 5588 1467 5666 hunc
1485 5584 1662 5664 codicem
1682 5585 1801 5662 fuisse
1820 5609 1921 5660 non·

112 5709 217 5788 nulli
239 5709 441 5790 dicebant.
467 5711 527 5790 Ex
545 5712 719 5826 elencho«
731 5710 978 5806 chartarum,
999 5738 1104 5817 quae
1127 5710 1169 5788 in
1194 5709 1355 5789 archivo
1376 5708 1569 5815 praedicti
1593 5705 1818 5786 monasterii
1841 5733 1922 5784 ser-

113 5830 333 5930 vabantur,
354 5849 512 5914 constat
536 5833 634 5914 haec
661 5831 790 5913 Biblia
816 5832 925 5912 iussu
952 5830 1069 5912 Card.
1103 5832 1290 5914 lobannis
1317 5833 1483 5915 Morone
1510 5830 1586 5938 (de
1612 5858 1696 5938 quo
1722 5828 1774 5909 cf.
1801 5857 1922 5939 supra
