4750 6694
455 454 555 530 GVlll
1130 453 1373 532 Arelatrtts
1396 453 1594 534 staticus

454 607 561 688 aliud
589 633 612 685 a
640 604 842 684 maurinis.
869 603 1089 713 Utramque
1115 601 1330 687 editionem
1354 609 1509 715 saepius
1534 606 1610 688 nos
1637 607 1864 709 laudamus;
1889 626 1931 742 at
1955 609 2115 718 quoties
2138 611 2260 692 maia·

454 759 544 812 nam
574 728 787 810 editionem
815 729 1015 836 appellare
1042 732 1234 823 occurrit,
1256 731 1299 811 id
1326 758 1510 839 expresse
1536 758 1757 812 monemus

560 857 600 949 Δ.
626 851 715 932 Αιίι
742 881 826 932 non
852 879 980 959 pauca
999 879 1123 959 opera
1138 872 1317 935 veterum
1337 873 1497 962 patrum
1515 857 1745 963 nuperrime
1768 853 1893 936 edidit
1915 856 1969 936 cl.
1988 856 2092 937 Pitra
2120 883 2261 936 mona-

453 979 553 1058 chus
580 977 733 1056 ordinis
760 1005 792 1056 s.
819 973 1024 1057 Benedicti
1051 979 1094 1057 in
1120 979 1339 1088 Spisilegio
1364 980 1632 1076 Solesmensi,
1662 977 1820 1058 Parisiis
1846 979 1896 1060 ab
1923 1005 2031 1062 anno
2064 981 2180 1062 1852.
2209 978 2261 1059 ad

461 1103 574 1182 1858.
591 1100 687 1180 voll.
703 1102 743 1195 Δ.
765 1098 865 1180 Inde
882 1127 977 1180 vero
996 1098 1105 1180 haud
1125 1101 1318 1182 modicam
1336 1103 1534 1182 variarum
1552 1103 1769 1184 lectionum
1785 1118 1956 1208 segetem
1973 1101 2259 1210 excerpsimus.

564 1229 601 1306 5.
633 1225 816 1330 Hugonis
835 1252 856 1303 a
877 1253 908 1304 s.
930 1224 1062 1305 Charo
1085 1224 1301 1306 editionem
1327 1243 1507 1306 venetam
1532 1226 1627 1306 anni
1657 1227 1770 1308 1600.
1796 1225 2005 1325 habemus;
2026 1228 2069 1306 in
2098 1254 2181 1334 qua
2198 1225 2263 1306 Bi·

454 1351 627 1430 bliorum
658 1365 792 1427 textus
819 1347 902 1427 fere
927 1349 969 1428 in
997 1347 1185 1428 omnibus
1210 1349 1303 1428 cum
1328 1346 1467 1430 Bibliis
1493 1349 1716 1430 Ordinariis
1743 1352 1962 1432 consentit:
1989 1348 2095 1430 idem
2122 1348 2264 1430 dicen-

456 1474 552 1554 dum
579 1472 630 1552 de
657 1472 779 1552 altera
806 1471 1168 1580 editioneopermn
1196 1472 1371 1554 eiusdem
1389 1473 1591 1581 Hugonis,
1614 1501 1717 1581 quae
1744 1473 1896 1583 prodiit
1918 1472 2127 1580 Lugduni,
2151 1500 2264 1552 anno

462 1600 596 1693 1645,
623 1623 744 1703 quam
772 1623 899 1736 aeque
927 1597 1180 1675 contulimus.
1204 1597 1357 1678 Nicolai
1380 1595 1430 1676 de
1452 1597 1544 1676 Lira
1570 1597 1746 1704 postillae
1773 1597 1985 1706 allegamus
2006 1625 2056 1677 ex
2082 1595 2269 1678 editione

457 1722 653 1827 descripta
681 1720 866 1826 superius
892 1747 982 1826 cap.
1009 1721 1046 1798 3.
1075 1747 1186 1798 ιιιιιιι.
1213 1721 1302 1828 69.,
1327 1747 1450 1827 quam
1478 1717 1651 1856 odinires
1673 1737 1867 1801 testantur
1893 1719 1983 1800 ad
1972 1721 2095 1828 ipsius
2121 1719 2264 1798 Lirani

458 1829 711 1944 αὐτόγραφον
738 1843 926 1948 exegisse.
960 1843 1016 1920 Ex
1043 1842 1207 1948 reliquis
1232 1843 1496 1950 scriptoribus
1517 1871 1589 1951 qut
1579 1820 1665 1924 nd
1686 1846 1862 1924 seculum
1885 1845 1996 1924 ΧΙΙΙ.
2020 1861 2061 1924 et
2087 1833 2139 1924 ad
2165 1872 2270 1952 pro·

457 1972 561 2049 xime
589 1985 801 2076 sequentes
827 1983 972 2046 aetates
998 1967 1224 2073 pertinent,
1253 1967 1319 2045 alii
1345 1968 1482 2074 plures
1509 1967 1756 2078 quandoque
1783 1946 1901 2068 nobis
1927 1968 2046 2048 utiles
2072 1967 2261 2066 fuerunt;

456 2121 558 2202 quos
582 2109 716 2172 tamen
744 2090 939 2170 hocloco
967 2114 1199 2170 enumerare
1226 2089 1472 2198 superfluum
1499 2089 1674 2172 videtur.

467 2235 471 2244 ’
562 2218 602 2295 6.
634 2212 705 2294 Ηὶι
732 2213 913 2292 addimus
936 2214 1206 2293 Consiliorum
1234 2214 1507 2294 collectionem
1528 2241 1576 2295 ex
1601 2215 1804 2294 notissima
1825 2216 2063 2322 egregiaque
2083 2213 2266 2295 editione

455 2337 674 2438 Harduini,
702 2341 825 2418 Paris.
855 2341 990 2443 1715,
1018 2365 1099 2446 qua
1120 2341 1174 2418 ita
1202 2338 1264 2418 usi
1291 2365 1448 2434 sumus,
1469 2357 1515 2418 ut
1538 2339 1670 2446 neque
1697 2339 1935 2447 posteriores
1961 2366 2078 2420 curas
2105 2338 2268 2418 Nicolai

456 2464 581 2544 Coleti
608 2480 648 2543 et
674 2463 863 2543 Iohannis
892 2462 1090 2542 Dominici
1118 2461 1246 2541 Mansi
1273 2461 1608 2541 oblivisceremur.

1231 2647 1393 2724 CAPUT
1426 2649 1480 2724 Vl.

907 2805 1132 2885 Hebraicus
1160 2819 1293 2884 textas
1319 2821 1357 2882 et
1383 2802 1573 2884 versiones
1599 2803 1810 2912 antiquae.

562 2963 764 3051 Hactenus
785 2962 973 3069 proprios
992 2989 1038 3042 ae
1056 2963 1179 3044 veluti
1198 2963 1353 3042 nativos
1376 2963 1506 3042 fontes
1526 2961 1636 3042 unde
1654 2963 1847 3068 Vulgatae
1869 2958 2054 3040 editionis
2076 2985 2266 3064 germana

456 3085 573 3164 lectio
599 3085 773 3193 petenda
801 3102 858 3164 est
883 3087 1127 3193 aperuimus.
1154 3086 1210 3165 At
1235 3083 1565 3194 quandoquidem
1593 3087 1682 3167 telis
1705 3084 1801 3165 inde
1828 3109 1946 3192 saepe
1972 3079 2109 3190 prodit
2135 3084 2271 3162 varie.

456 3225 533 3304 tas,
554 3224 603 3287 ut
622 3235 818 3316 quaenam
846 3208 897 3287 sit
914 3235 1006 3288 vera
1029 3209 1146 3290 lectio
1169 3237 1253 3288 non
1276 3211 1369 3290 satis
1395 3225 1605 3318 appareat,
1627 3209 1848 3290 necessario
1872 3223 2104 3316 argumenta
2122 3204 2175 3285 ad
2199 3233 2268 3286 ve·

456 3333 612 3412 ritatem
635 3331 923 3439 assequendam
946 3331 1110 3412 aliunde
1130 3331 1303 3439 petenda
1321 3349 1429 3412 sunt.
1453 3334 1561 3412 Hinc
1580 3335 1737 3441 quotics
1759 3332 1836 3411 illis
1860 3329 2270 3436 varietatibus,·quas

457 3485 505 3536 ex
532 3458 717 3565 praelatis
742 3458 909 3541 testibus
935 3455 1196 3565 proferimus,
1222 3456 1284 3536 vel
1313 3457 1524 3537 hebraicus
1551 3475 1681 3538 textus
1708 3473 1779 3536 aut
1803 3456 2083 3555 samaritanus,
2109 3453 2172 3532 val
2202 3481 2270 3533 ve-

456 3598 558 3661 teres
580 3583 816 3689 interpretes
833 3580 1105 3686 suffragantur
1121 3578 1258 3687 (quod
1278 3580 1445 3688 quidem
1464 3580 1782 3688 frequentissime
1804 3576 2054 3682 accidit),.id
2076 3605 2153 3658 nos
2174 3605 2268 3684 per·

456 3701 580 3811 petuo
608 3702 800 3784 adnotare
824 3701 1068 3801 studuimus,
1091 3721 1137 3782 ut
1160 3702 1367 3785 commode
1390 3705 1563 3813 quisque
1588 3706 1792 3785 aestimare
1815 3704 1940 3812 possit
1961 3704 2160 3782 rationum
2184 3729 2270 3782 mo-

457 3846 612 3924 menta,
643 3855 748 3937 quae
775 3857 851 3937 pro
878 3829 1058 3937 qualibet
1088 3829 1257 3908 lectione
1289 3827 1453 3909 faciunt.
1484 3830 1743 3938 Quapropter
1775 3828 1862 3908 heic
1886 3851 2059 3935 *quoque
2094 3825 2272 3904 breviter

456 3952 651 4032 innuendi
678 3968 772 4032 sunt
797 3953 889 4033 libri
915 3953 1014 4032 sacri
1037 3968 1169 4032 textus
1191 3971 1450 4062 veterumque
1474 3955 1719 4047 versionum,
1741 3949 1891 4060 quibus
1913 3952 2078 4030 utimur.
2103 3949 2272 4028 Interim

457 4077 644 4156 lectorem
671 4104 855 4182 rogamus
882 4093 928 4154 ut
955 4075 1086 4156 obiter
1112 4071 1401 4156 animadvertat
1428 4076 1603 4182 singulas
1630 4071 1750 4156 buius
1769 4077 1894 4155 nostri
1922 4075 2054 4184 operis
2081 4073 2271 4181 paginas,

456 4225 501 4278 re
523 4199 609 4305 ipsa
630 4199 938 4279 luculentissime
961 4197 1177 4279 retundere
1200 4201 1437 4280 calumniam
1461 4200 1800 4281 heterodoxorum
1824 4197 1895 4308 qui
1919 4223 2121 4278 romanam
2144 4197 2274 4278 eecle-

457 4323 553 4402 siam
579 4347 734 4402 errores
745 4321 1014 4402 librariorum
1043 4338 1259 4430 tamquam
1271 4351 1403 4404 veram
1428 4323 1671 4405 lectionem
1661 4341 1716 4403 ιιι
1737 4322 2019 4431 comprobasse
2047 4321 2271 4416 affirmant,

455 4446 605 4524 utiam
632 4445 751 4526 nobis
778 4474 863 4525 non
890 4445 1007 4525 liceat
1032 4445 1081 4524 de
1107 4475 1194 4526 vera
1221 4447 1409 4527 versionis
1438 4447 1605 4527 lectione
1629 4445 1827 4527 sollicitos
1852 4471 1963 4541 esse;
1991 4443 2075 4523 sed
2086 4443 2274 4552 quamvis

324 4671 328 4679 Ι
460 4570 733 4666 lectionem,e
734 4571 874 4649 tiamsi
892 4599 918 4650 a
938 4587 1050 4652 tectu
1074 4597 1213 4679 graeco
1238 4588 1276 4650 et
1298 4571 1481 4651 bebraim
1504 4567 1731 4666 aberret,
1697 4599 1774 4680 pru
1783 4591 1885 4648 vera
1908 4569 2026 4648 nobis
2050 4596 2271 4677 agnoscen-

458 4693 554 4772 dam
581 4723 663 4773 esse
688 4696 766 4800 (ita
794 4693 967 4773 Masch'
957 4723 999 4772 ιι
1027 4693 1367 4776 atteiensem
1393 4695 1466 4774 vot
1493 4695 1532 4774 3.
1555 4723 1652 4804 pag.
1681 4696 1792 4799 bo..)
1821 4693 1984 4791 Haec,
1974 4692 2202 4800 inquimus,
2229 4719 2273 4771 re

458 4817 562 4924 ipsa,
584 4834 723 4897 nostro
746 4818 947 4896 volumine
972 4818 1064 4898 satis
1089 4841 1292 4925 superque
1313 4817 1549 4898 refutantur.
1569 4818 1716 4924 ‘Neque
1741 4817 1847 4896 enim
1866 4815 1985 4896 nobis
2002 4815 2061 4895 fas
2083 4831 2187 4894 esset
2203 4842 2274 4895 ve·

459 4941 536 5020 ries
561 4941 751 5022 lectiones
778 4941 1025 5049 expendere,
1051 4943 1080 5021 si
1107 4942 1302 5023 catholiea
1326 4943 1510 5041 ecclesia,
1535 4944 1599 5023 cui
1622 4969 1671 5022 ex
1694 4939 1830 5021 divina
1853 4940 2102 5038 institutione
2125 4940 2274 5019 Roma-

458 5089 535 5145 nus
557 5065 741 5145 Pontifex
763 5081 942 5172 praeest,
964 5065 1025 5144 vel
1046 5091 1201 5146 errores
1223 5063 1479 5148 librariorum
1506 5066 1824 5175 comprobasset,
1846 5065 1909 5145 vel
1931 5063 2152 5172 quamlibet
2171 5063 2209 5142 V
2213 5065 2273 5144 ul·

458 5190 539 5295 gati
566 5189 775 5270 lectionem
792 5217 870 5299 pro
892 5212 977 5268 vera
1002 5185 1056 5268 ita
1080 5187 1305 5270 habendam
1328 5190 1523 5286 iussisset,
1549 5206 1595 5270 ut
1620 5216 1842 5296 numquam
1864 5188 1925 5267 vel
1949 5188 2136 5266 minimus
2157 5213 2275 5267 error

458 5315 495 5392 ei
518 5315 680 5395 subesse
702 5315 829 5422 possit
847 5316 919 5421 (1).
939 5311 1018 5392 Sed
1045 5314 1144 5394 haec
1162 5341 1234 5421 per
1252 5315 1500 5395 occasionem
1519 5339 1753 5394 memorasse
1772 5311 1943 5394 sufficiat
1960 5338 2012 5392 ne
2032 5309 2183 5392 diutius
2202 5310 2274 5392 ad-

564 5465 601 5561 (ι)
620 5493 731 5550 Praeter
746 5508 777 5550 ea
794 5509 866 5566 quae
882 5493 951 5550 alibi
968 5491 1003 5551 dc
1021 5491 1131 5551 mendis
1146 5469 1325 5550 librariorum
1396 5493 1450 5548 sati
1480 5492 1510 5548 in
1538 5489 1657 5563 Vulgata
1688 5487 1813 5549 editione
1845 5485 2069 5564 deprehendunt.
2098 5489 2274 5563 approbavit

457 5576 644 5649 tradidimus,
667 5588 874 5654 peropportuna
898 5582 955 5638 visa
979 5589 1047 5639 sunt
1068 5597 1140 5655 quae
1163 5581 1248 5638 habet
1267 5584 1328 5636 ιι·
1377 5579 1546 5638 dumtaxat
1566 5580 1717 5653 volgatam
1737 5579 1889 5637 editionem
1910 5585 2088 5653 repurgatam
2109 5591 2125 5635 a
2146 5578 2273 5648 ιιιιιιιίι,

458 5669 538 5730 dreas
556 5671 631 5747 vega
655 5670 691 5728 de
710 5669 918 5742 testificatione
940 5669 991 5728 tta.
1014 5673 1080 5728 XV.
1103 5685 1169 5742 cap.
1191 5675 1218 5728 9.
1240 5667 1327 5738 (edit.
1399 5671 1557 5754 quaeritis
1576 5671 1745 5743 scriptorum
1766 5669 1808 5728 vel
1829 5669 2149 5756 chalcograpborumin
2169 5683 2203 5728 ea
2222 5669 2276 5726 ob·

458 5743 567 5840 Compi.
583 5767 710 5819 1564
672 5765 710 5828 )
723 5759 854 5836 synodus
870 5776 928 5818 non
947 5749 1109 5834 approbavit
1124 5758 1225 5817 menda
1233 5775 1327 5833 q,uae
1397 5746 1554 5833 repserunt.
1573 5762 1632 5818 Nee
1654 5775 1716 5816 eam
1736 5743 1881 5834 tamquam
1903 5774 1919 5816 c
1940 5757 2016 5816 caelo
2038 5756 2181 5829 delapsam
2204 5755 2275 5816 ado-

459 5846 620 5921 linguarum
639 5850 740 5968 periti,
760 5857 788 5907 et
807 5849 837 5907 ιι
857 5850 944 5908 sacris
964 5849 1053 5910 literis
1072 5847 1249 5908 mediocriter
1266 5864 1327 5906 ver·
1398 5850 1454 5908 rari
1479 5851 1576 5910 voluit.
1605 5851 1786 5924 interpretem
1813 5847 1911 5918 illius,
1933 5848 2061 5923 quisquis
2087 5847 2136 5907 ille
2162 5846 2273 5918 fuerit,
