4830 6678
872 489 1186 584 vnctraonnul
1861 497 1933 572 nn

122 667 230 726 anno
252 643 489 732 MDXLVll.
512 656 568 760 (1)
580 653 631 735 ab
650 657 714 736 illa
733 658 1188 766 boberto-stephaniana
1207 659 1301 738 anni
1321 657 1485 736 MDXL.
1504 655 1765 752 dimanatam;
1788 651 1933 733 deinde

119 795 218 850 vero
239 775 459 856 sexcenties
476 777 558 858 fere
576 805 752 859 recusam
773 797 811 860 et
834 782 1076 888 Antuerpiae
1102 800 1140 861 et
1167 781 1261 862 alibi
1282 783 1475 863 locorum.
1504 781 1636 860 Huius
1661 805 1783 886 porro
1803 769 1935 856 aucto·

120 893 217 975 ritas
245 923 387 1003 magna
415 900 512 997 tuit,
535 903 588 981 ita
609 919 653 982 ut
672 919 712 982 et
730 931 894 984 romana
918 904 1081 986 ecclesia
1110 905 1177 984 illa
1204 907 1350 1014 passim
1378 933 1447 984 usa
1468 905 1517 982 sit
1539 903 1614 982 suh
1639 893 1803 981 nomine
1827 901 1934 981 lova·

121 1014 270 1102 niensis
293 1020 483 1103 editionis
509 1025 769 1106 bentenianae
788 1027 900 1128 (ride
921 1057 1048 1136 supra
1069 1057 1234 1136 paragr.
1261 1031 1399 1128 IV.),·
1420 1055 1510 1106 nam
1541 1055 1563 1104 a
1591 1025 1755 1104 Lovanii
1786 1025 1934 1104 theolo-

119 1141 176 1248 gis
199 1145 317 1224 novis
339 1148 381 1225 in
405 1149 582 1255 margine
600 1151 931 1258 variantibusque
949 1152 1190 1232 lectionibus
1208 1148 1382 1229 subinde
1401 1149 1524 1229 ditata
1543 1145 1745 1254 prodibat.
1769 1144 1873 1225 Hinc
1893 1149 1934 1226 in

120 1267 232 1349 ltalia
261 1272 425 1377 repetita
452 1299 569 1381 saepe
597 1291 681 1353 tum
711 1277 859 1354 Rornae
882 1277 959 1381 (a),
986 1303 1093 1356 anno
1122 1275 1350 1383 praesertim
1376 1271 1615 1350 lllDLXXll.
1646 1271 1688 1349 ia
1712 1271 1821 1375 sol,
1848 1287 1933 1349 tum

122 1390 303 1472 Venetiis
330 1395 560 1501 perluntas
588 1397 848 1475 lllDLXlllX.
876 1414 1065 1476 occaect
1095 1398 1312 1505 utrobique
1340 1399 1380 1476 in
1410 1397 1540 1476 leonte
1568 1395 1727 1474 titulum
1756 1395 1855 1499 gerit
1880 1395 1935 1476 sic

120 1543 369 1625 expressum:
391 1519 448 1599 ad
464 1521 729 1600 vetustissima
748 1523 1002 1631 exemplaria
1021 1551 1132 1603 vruac
1152 1551 1287 1602 recens
1300 1521 1518 1629 castigata,
1545 1521 1775 1626 Romaeque
1794 1520 1932 1596 revisa.

120 1643 246 1720 lmmo
270 1669 363 1722 vero
383 1643 697 1752 Christophorus
715 1647 937 1726 Palcmares
961 1674 1050 1726 com
1070 1649 1145 1726 hac
1165 1645 1341 1726 editione
1362 1645 1549 1724 Hentenii
1574 1644 1724 1723 seilicet
1749 1640 1935 1748 Lugduni

122 1765 343 1844 ttntxtx.
368 1793 441 1873 per
462 1767 709 1848 Gulielmum
734 1770 949 1850 Rovillium
973 1799 1138 1866 excusa,
1160 1772 1267 1850 iussu
1292 1769 1391 1848 Sixti
1410 1767 1462 1846 V.
1488 1767 1657 1848 contulit
1682 1768 1723 1846 in
1744 1767 1936 1872 Hispania

119 1887 301 1968 codicem
331 1891 534 1995 gothicum
562 1892 758 1972 toletanae
787 1894 991 1990 ecclesiae,
1020 1911 1065 1973 ut
1092 1896 1219 1974 varias
1246 1891 1421 1973 eiusdem
1449 1891 1639 1972 lectiones
1666 1893 1833 1970 Romam
1859 1917 1936 1998 pro

118 2012 267 2092 sixtina
293 2015 540 2094 correctione
558 2015 745 2095 mitteret.
772 2017 833 2094 Ex
851 2015 966 2096 dictis
985 2017 1120 2124 itaqua
1144 2016 1343 2122 colligitur
1368 2014 1559 2098 dissidere
1577 2013 1793 2094 Ordinaria
1812 2011 1937 2094 Biblia

118 2165 140 2214 a
168 2136 489 2232 lovaniensibus,
514 2138 568 2218 ita
595 2155 727 2218 tamen
757 2158 802 2219 ut
829 2142 913 2220 istis
941 2167 1038 2248 prae
1061 2140 1159 2236 illis,
1184 2140 1319 2247 paucis
1343 2141 1517 2247 exceptis
1543 2139 1661 2232 locis,
1688 2137 1813 2217 maior
1841 2135 1938 2216 fides

118 2258 308 2340 habenda
334 2261 404 2338 sit:
430 2259 603 2341 diximus
630 2261 767 2369 paucis
793 2265 969 2372 exceptis
994 2264 1112 2358 locis,
1138 2281 1233 2343 sunt
1256 2291 1429 2371 namque
1451 2265 1608 2370 aliquae
1631 2260 1937 2342 Ordinariorum

117 2381 342 2464 Bibliorum
370 2385 579 2481 lectiones,
605 2387 756 2493 quibus
783 2387 968 2493 gothicus
995 2384 1123 2466 codex
1151 2388 1359 2483 concinat,
1383 2395 1601 2494 earumque
1625 2384 1796 2494 proinde
1824 2401 1938 2465 vetu-

117 2509 229 2588 statis
253 2511 581 2616 auctoritatisque
601 2510 693 2589 satis
716 2509 926 2617 probabile
949 2528 1224 2617 argumentum
1248 2511 1452 2620 praebeat.
1481 2510 1769 2605 Nihilominus,
1790 2507 1939 2590 Bellar·

118 2634 231 2712 mino
260 2649 381 2729 teste,
403 2634 627 2742 Gregorius
645 2632 846 2714 mandavit
868 2634 1164 2714 lovaniensibus
1190 2635 1422 2742 praesertim
1440 2633 1578 2715 Bibliis
1606 2632 1791 2748 standum
1811 2634 1851 2710 in
1871 2632 1937 2711 illa

118 2755 420 2852 emendatione,
442 2755 556 2866 qnod
583 2755 746 2864 quidem
770 2757 860 2836 licet
878 2757 919 2836 in
941 2784 982 2836 se
1005 2756 1228 2864 prudenter
1254 2758 1373 2838 luerit
1396 2759 1678 2853 constitutum,
1703 2754 1860 2863 agendo
1876 2771 1939 2846 ,ta-

118 2909 212 2961 men
236 2880 288 2961 de
311 2880 452 2962 Bibliis
469 2883 626 2962 sixtinis
648 2879 919 2961 admirationis
947 2881 1130 2962 nonnihil
1152 2883 1317 2990 ingerit,
1344 2911 1468 2990 quare
1490 2911 1573 2961 non
1599 2879 1814 2960 adverterit
1836 2883 1940 2958 Pon-

117 3007 214 3086 tifex
253 3006 512 3114 praecipuam
540 3004 846 3113 discrepantiam
873 3004 1022 3085 codicis
1049 3006 1257 3102 caraliani,
1294 3009 1543 3116 sixtinaeque
1575 3005 1761 3085 editionis
1790 3002 1842 3082 ad
1878 3005 1939 3082 in-

118 3132 246 3212 vicem
283 3147 602 3238 comparatorum
636 3131 678 3209 in
708 3158 757 3209 eo
787 3131 1025 3224 consistere,
1056 3127 1169 3237 quod
1199 3147 1351 3240 partem
1385 3132 1619 3226 maximam,
1652 3128 1938 3208 lovaniensium

121 3255 402 3362 theologorum
434 3255 624 3336 lectiones
646 3254 697 3334 ab
722 3254 791 3334 illo
824 3252 1030 3334 derelictas
1060 3257 1314 3363 resumpserit
1337 3254 1486 3336 Sixtus,
1513 3253 1634 3355 Quod
1668 3252 1774 3334 adeo·
1800 3279 1940 3332 verum

119 3397 180 3459 est
208 3396 255 3458 ut
283 3378 456 3486 Angelus
483 3381 615 3460 Rocca
643 3406 726 3459 non
754 3377 871 3458 semel
899 3379 942 3457 in
970 3379 1052 3456 suis
1080 3379 1410 3460 annotationibus
1437 3378 1553 3459 editis
1579 3379 1717 3486 (Opp.
1748 3395 1843 3456 tom.
1872 3378 1938 3482 a.)

119 3503 342 3584 admonens
369 3531 495 3612 quare
524 3503 746 3612 gregoriani
778 3520 1023 3582 correctores
1049 3503 1235 3583 sixtinam
1266 3503 1478 3584 lectionem
1509 3503 1775 3596 mutaverint,
1807 3500 1939 3580 dicere

120 3629 266 3709 soleat:
297 3627 564 3736 Quamquam
585 3626 726 3708 schola
751 3625 994 3706 branensis
1019 3627 1078 3706 ito
1098 3626 1205 3735 legat
1227 3632 1240 3729 ζ
1250 3628 1399 3709 scilicet
1421 3644 1465 3707 ut
1483 3626 1617 3707 Sixtus
1635 3626 1687 3704 V.
1712 3624 1936 3728 ediderat);

123 3773 263 3832 tamea
294 3754 441 3832 melias
468 3769 540 3834 etc.
566 3752 804 3860 Exemplum
832 3780 960 3831 unum
988 3751 1214 3832 afferamus:
1238 3753 1353 3832 losue
1381 3754 1418 3848 l,
1438 3753 1477 3831 6.
1499 3751 1750 3832 lovanienses
1776 3749 1935 3855 legunt:

124 3877 256 3954 iuravi
276 3875 468 3982 patribus
491 3875 587 3954 tuis.
602 3873 748 3980 ,Codex
776 3874 1015 3971 carallanus,
1038 3875 1113 3954 hac
1136 3874 1306 3956 lectione
1328 3875 1500 3980 abiecta,
1522 3874 1779 3980 marginalem
1801 3872 1937 3980 elegit,

122 3998 314 4080 hebraico
338 3999 441 4080 fonti
464 3997 772 4108 respondentem
795 3997 985 4106 patribus
1007 3999 1095 4078 anis
1118 3989 1252 4080 unani
1281 4027 1482 4109 quamque
1504 4014 1731 4107 sequuntur
1750 3995 1941 4104 Complu-

122 4125 253 4205 tensia
280 4153 444 4232 quoque
469 4153 515 4204 ac
543 4125 664 4231 Regia
689 4124 831 4204 Biblia.
856 4121 911 4202 ‘At
930 4123 1077 4204 sixtina
1098 4121 1222 4204 editio
1246 4125 1421 4233 priorem
1446 4124 1713 4203 lovaniensem
1736 4119 1936 4228 reposuit3

122 4268 162 4328 et
190 4251 431 4330 contrariam
455 4247 633 4356 denique
652 4249 876 4357 gregoriani
894 4247 1125 4345 firmarunt,
1152 4265 1198 4328 nt
1216 4247 1352 4329 videre
1370 4265 1429 4329 est
1448 4248 1488 4326 in
1508 4245 1648 4328 Bibliis
1675 4245 1936 4325 clementinis.

122 4375 233 4454 Nihil
261 4401 390 4481 porro
413 4373 607 4452 illustrius
631 4389 764 4481 potest
791 4371 926 4452 afferri
950 4371 1002 4452 ad
1025 4371 1389 4481 comprobandum,
1416 4373 1698 4480 praescriptam
1725 4389 1771 4450 ut
1793 4369 1941 4450 dicitur

120 4498 370 4606 gregorianis
397 4499 573 4604 regulam
598 4525 690 4578 raro
713 4498 831 4576 luisse
856 4497 1109 4578 observatam
1131 4499 1238 4604 (sive
1259 4497 1373 4607 quod
1395 4495 1610 4578 iudicarint
1630 4497 1763 4575 eximii
1789 4497 1864 4575 viri
1884 4497 1938 4575 illi

120 4653 208 4703 non
236 4623 332 4702 satis
360 4623 580 4702 innotuisse
599 4626 788 4730 Gregorio
807 4623 1017 4702 cuiusnam
1040 4621 1186 4704 indolis
1209 4640 1341 4704 essent
1363 4624 1601 4702 mutationes
1620 4652 1642 4701 a
1662 4622 1772 4700 Sixto
1795 4621 1937 4719 factae;

118 4749 207 4828 sive
233 4745 347 4856 quod
374 4747 417 4826 in
446 4748 535 4854 ipso
561 4746 851 4828 emendationis
878 4763 970 4826 actu
998 4747 1233 4828 sententiam
1259 4748 1325 4827 ille
1348 4747 1577 4844 mutaverit,
1603 4764 1649 4826 nt
1673 4746 1714 4825 in
1741 4745 1942 4854 aliquibus

117 4888 264 4978 postea
293 4899 386 4951 vere
415 4887 587 4952 mutasse
613 4871 854 4978 constabit),
882 4900 1004 4981 quam
1028 4871 1070 4952 id
1091 4869 1223 4982 quod,
1245 4888 1344 4952 teste
1366 4870 1528 4952 laudato
1552 4898 1673 4978 snpra
1697 4870 1939 4978 fragmento,

234 5107 273 5170 (t)
290 5101 386 5162 Editio
406 5101 664 5178 Bilrliorum,quae
680 5119 756 5162 anno
774 5106 946 5163 MDXLth.
965 5121 998 5165 ex
1070 5105 1210 5179 exemplar
1235 5105 1391 5164 Biblicmm
1413 5104 1579 5178 impressum
1602 5102 1773 5177 nnmerpiae
1793 5118 1843 5176 per
1862 5101 1942 5162 chri·

116 5191 291 5265 stephaniae
308 5190 476 5261 dimanavit,
490 5207 549 5250 non
568 5193 689 5265 pertinet
703 5191 742 5250 ad
756 5193 935 5263 Plautinum,
948 5192 996 5252 sed
1070 5196 1236 5270 stophorum
1250 5195 1412 5252 Plantinum
1426 5211 1499 5252 anno
1512 5193 1675 5250 nothx.
1690 5192 1718 5249 in
1733 5206 1790 5265 quo
1803 5191 1942 5249 nonnulla

117 5281 232 5353 prodiit
249 5285 372 5338 uocati
384 5297 422 5339 ea·
439 5279 559 5358 officina
578 5282 799 5340 Barthclamoei
819 5286 932 5342 &coit
1073 5282 1258 5360 expungenda
1281 5282 1481 5355 adnotaverat,
1505 5283 1643 5357 illumque
1665 5281 1795 5339 hortatus
1817 5289 1890 5340 esset
1911 5288 1943 5337 ut

234 5375 273 5436 (a)
290 5371 397 5428 Romae
418 5387 548 5430 excomm
569 5369 656 5430 faiam
678 5370 878 5429 bernaicum
899 5369 999 5430 editio·
1072 5374 1109 5434 ad
1130 5373 1207 5432 illins
1230 5373 1398 5448 exemplaris
1420 5371 1506 5432 lldem
1527 5371 1618 5433 Biblia
1640 5370 1734 5430 ederet
1755 5375 1941 5443 (quousque,

116 5475 188 5516 nem
206 5473 284 5516 anno
296 5459 472 5516 stotxxlt.
485 5475 537 5517 nos
549 5459 631 5533 plane
642 5459 824 5533 ignoramus3
837 5461 924 5518 immo
937 5462 1000 5520 nul·
1072 5463 1129 5532 alt,
1149 5479 1185 5521 eo
1204 5479 1279 5536 qaae
1296 5464 1403 5520 Romae
1421 5463 1611 5534 carricentur
1633 5463 1663 5516 ia
1686 5459 1780 5516 lucem
1801 5460 1943 5525 caecata·

116 5547 181 5604 lam
207 5544 365 5605 Bibliorum
387 5548 525 5622 vulgatae
548 5548 681 5607 editionis
700 5547 912 5622 impressionem
934 5557 1000 5609 ante
1072 5551 1204 5611 landatur
1228 5553 1321 5610 Lucas
1345 5551 1487 5609 antonius
1512 5553 1594 5606 lanta
1620 5545 1719 5606 eodem
1745 5560 1820 5603 anno
1845 5551 1873 5600 et
1898 5557 1941 5600 se·

114 5637 259 5694 annnam
284 5637 391 5695 Remm
413 5637 510 5695 seculo
532 5638 608 5695 xvi.
630 5637 733 5697 boum
754 5637 840 5698 fuine
860 5639 999 5698 novimus.
1073 5641 1186 5716 quenti,
1201 5641 1324 5714 lemque
1341 5655 1406 5698 mcx
1420 5639 1467 5696 alii
1485 5637 1651 5713 typographi
1667 5629 1944 5714 lugdunenses,edi·

115 5727 258 5782 wioni
276 5739 363 5796 quum
381 5725 504 5784 Thomas
519 5727 686 5802 Manrlquea
703 5728 776 5786 sacri
795 5726 892 5801 palatii
911 5725 1000 5800 magi·
1072 5728 1294 5800 temnentia,
1308 5744 1382 5804 quae
1396 5729 1427 5787 in
1446 5727 1538 5787 fronte
1553 5726 1690 5789 dicuntur
1704 5735 1812 5788 nomae
1830 5722 1945 5792 reviso,

115 5822 179 5873 ster
198 5815 325 5885 Rornae,
341 5813 387 5872 die
403 5821 430 5872 ⁵.
444 5815 551 5890 Aprilis
568 5832 652 5876 enno·
662 5819 824 5875 mnnxxt.
837 5815 1003 5876 tradidisset
1074 5819 1155 5891 hinc,
1167 5827 1200 5879 at
1213 5818 1337 5890 videtur,
1350 5819 1533 5893 Ungersllias
1547 5831 1697 5884 mmanam
1713 5815 1865 5882 editionem
1880 5825 1945 5884 supa

115 5907 221 5962 Lucae
234 5905 359 5964 Anmnic
376 5911 476 5964 lunae
494 5907 667 5982 typographo
683 5915 782 5968 teneto
799 5907 1003 5968 hantonienum
1078 5907 1179 5978 posuit.
