4804 6692
853 553 1171 634 ruomoouum
1665 516 1666 519 ‘
1861 561 1911 633 tv

120 707 266 802 llsther,
287 721 409 815 atque
430 706 569 786 Daniel
593 723 830 804 occurrunt,
852 737 935 792 non
953 704 1109 792 Sixtum
1132 710 1263 818 ipsum
1285 709 1417 818 primo
1440 709 1620 790 omnium
1645 711 1912 819 praeteriisse3

119 833 249 916 etenim
277 831 413 914 iisdem
443 848 538 910 sunt
564 828 775 912 destitutae
802 830 996 914 editiones
1024 832 1305 933 heutenianae,
1331 860 1437 942 quae
1462 861 1591 914 unum
1613 832 1801 943 idemque
1822 853 1916 918 sunt

119 985 197 1040 cum
214 956 432 1038 lovaniensi
452 971 584 1051 textu,
608 958 836 1063 Romaeque
858 958 1083 1062 recognitae
1103 959 1175 1063 (1).
1197 956 1308 1038 ldem
1326 956 1409 1037 fere
1427 955 1642 1037 dicendum
1660 957 1710 1038 de
1729 959 1853 1039 titulis
1871 959 1914 1038 li·

117 1084 270 1162 brorum
297 1077 495 1160 hebraicis
513 1107 536 1160 a
553 1077 666 1160 Sixto
690 1081 993 1188 praetermissio,
1015 1082 1121 1164 eirca
1140 1081 1213 1160 hos
1231 1107 1327 1161 vero
1345 1097 1535 1162 constans
1551 1109 1638 1160 mos
1658 1110 1741 1162 non
1765 1083 1912 1176 firerat,

118 1223 156 1286 ut
171 1232 216 1284 ex
237 1200 512 1310 Complutensi
531 1221 572 1282 et
589 1203 710 1308 Regia
734 1221 920 1313 apparet,
942 1204 1082 1286 eodem
1102 1202 1222 1286 modo
1241 1202 1507 1284 describendi.
1532 1206 1665 1310 Atque
1682 1207 1915 1312 gregoriano

119 1327 361 1435 congregatio
388 1341 619 1433 propterea,
643 1326 739 1408 dum
767 1329 922 1409 censuit
948 1326 1203 1436 reponendos
1230 1353 1314 1410 esse
1336 1328 1473 1408 titulos
1501 1328 1731 1427 hebraicos,
1756 1356 1916 1410 eorum·

117 1454 196 1536 dem
220 1469 353 1534 tamen
382 1451 543 1534 latinam
569 1453 936 1560 interpretationem
962 1451 1222 1559 improbavit,
1244 1452 1335 1532 licet
1362 1452 1460 1532 haec
1479 1451 1521 1530 in
1539 1451 1837 1531 lovaniensibus
1859 1468 1916 1531 at·

117 1606 186 1686 que
211 1575 436 1658 Ordinariis
462 1575 600 1656 Bibliis
627 1576 844 1656 baberetur
871 1575 943 1678 (a).
971 1573 1190 1681 Sequitur:
1222 1591 1268 1656 ut
1295 1575 1454 1656 adiecta
1485 1591 1771 1654 removeantur.
1801 1576 1919 1656 Certe

117 1703 234 1780 Sixtus
261 1727 570 1804 nonnumquam
597 1698 777 1804 religiose
796 1697 913 1780 nimis
929 1698 1073 1778 canoni
1098 1725 1172 1778 suo
1198 1698 1374 1779 secundo
1403 1697 1584 1778 adhaesit
1606 1699 1648 1776 in
1674 1697 1916 1806 quibusdam

118 1823 304 1931 pericopis
326 1820 564 1918 retinendis,
587 1849 686 1928 quas
709 1839 816 1902 recte
844 1821 980 1904 sixtini
1006 1839 1252 1902 correctores
1275 1822 1394 1903 obelo
1418 1819 1682 1904 confixerant.
1706 1821 1921 1904 Brevitatis

117 1946 237 2028 studio
267 1974 392 2026 unum
422 1962 463 2026 et
486 1946 655 2026 alterurn
684 1946 909 2052 exemplum
936 1944 1181 2028 adducemus
1207 1973 1256 2025 ex
1282 1946 1390 2027 libro
1418 1947 1548 2054 primo
1576 1949 1729 2054 Regum
1753 1946 1824 2053 (3).
1855 1947 1918 2026 lbi

118 2099 279 2178 namque
297 2069 447 2166 XXIV,
463 2098 502 2176 7.
514 2069 704 2177 leguntur
723 2071 819 2150 haec
839 2068 980 2152 verba:
1005 2074 1050 2154 V
1048 2071 1116 2150 ivit
1134 2071 1362 2166 Dominus,
1386 2072 1487 2178 quic
1506 2071 1590 2152 nisi
1607 2072 1815 2151 Dominus
1828 2099 1919 2178 per·

116 2196 269 2276 currerit
286 2223 399 2278 eum.
412 2251 422 2274 .
436 2253 445 2276 .
458 2210 497 2276 et
515 2194 592 2275 alia
610 2223 738 2302 usque
757 2194 810 2276 ad
823 2196 869 2275 in
885 2195 1092 2276 Christum
1105 2196 1298 2290 Domini·
1310 2221 1416 2303 quae
1435 2194 1834 2303 quidemXXVI,1o.
1854 2223 1915 2276 rr.

117 2335 362 2426 repetuntur,
384 2333 424 2400 et
446 2343 495 2398 ex
514 2318 589 2400 isto
608 2318 700 2398 loco
717 2319 758 2397 in
778 2345 870 2425 cap.
886 2317 1036 2400 XXIV.
1059 2318 1199 2399 vitiose
1218 2320 1480 2428 irrepserunt.
1504 2319 1654 2400 Pariter
1671 2317 1859 2416 XXVIII,
1877 2319 1915 2399 3.

116 2458 148 2519 et
173 2442 369 2548 interfecit
397 2470 481 2536 eos,
504 2442 578 2549 qui
600 2441 807 2548 Pythonas
826 2441 1029 2522 habebant
1048 2443 1093 2523 in
1114 2460 1260 2538 ventre,
1285 2459 1325 2524 et
1341 2444 1440 2524 haec
1458 2444 1595 2551 spuria
1613 2444 1780 2523 omnino
1806 2461 1915 2524 sunt.

115 2567 228 2672 Atqui
257 2593 342 2648 nou
362 2593 384 2648 a
401 2565 514 2648 Sixto
543 2566 715 2674 primum
742 2565 891 2646 adscita
909 2565 1029 2646 fuisse
1048 2582 1246 2647 testantur
1263 2565 1459 2648 editiones
1477 2566 1716 2663 nonnullae,
1738 2569 1920 2675 (praeter

115 2689 398 2792 lovaniensem)
423 2717 527 2796 quae
548 2717 686 2770 omnes
708 2690 841 2772 taliter
863 2690 1061 2795 legebant.
1087 2692 1211 2771 Immo
1235 2718 1332 2772 uero
1355 2691 1451 2773 bina
1474 2693 1743 2800 manuscripta
1768 2717 1923 2798 germa-

117 2840 229 2892 nense
255 2811 441 2894 videlieet
467 2841 579 2894 num.
607 2842 646 2920 7.
673 2831 713 2897 et
740 2813 969 2896 corbeiense
998 2843 1108 2894 num.
1137 2843 1172 2896 1.
1198 2816 1300 2896 haec
1323 2817 1546 2923 posteriora
1573 2817 1695 2897 verba
1722 2815 1920 2924 adscripta

116 2935 240 3018 lerunt
266 2935 318 3020 ad
347 2937 562 3044 marginem
589 2938 833 3042 glossematis
860 2937 1000 3019 instar.
1028 2938 1149 3020 Aliud
1177 2937 1387 3048 quidpiam
1414 2939 1536 3020 fuisse
1563 2968 1587 3020 a
1613 2937 1725 3019 Sixto
1747 2938 1800 3016 V.
1827 2965 1921 3019 suae

116 3059 272 3140 editioni
300 3060 499 3144 adiectum
518 3078 658 3144 contra
685 3064 959 3144 auctoritatem
978 3062 1175 3143 librorum
1193 3065 1475 3172 impressorum
1498 3062 1616 3144 nobis
1638 3089 1722 3142 non
1748 3078 1918 3142 constat.

115 3183 305 3282 Quocirca
324 3186 367 3266 in
385 3212 471 3266 eam
499 3183 683 3266 ducimur
710 3186 943 3294 opinionem
965 3185 1066 3266 duas
1085 3175 1241 3295 priores
1261 3188 1419 3296 regulas
1441 3185 1669 3266 huiusmodi
1692 3213 1777 3266 esse
1797 3188 1919 3268 veluti

117 3311 348 3392 restrictivas
374 3310 479 3390 illius
502 3309 710 3418 principii,
732 3307 846 3417 quod
869 3337 944 3416 pro
963 3307 1227 3391 fundamento
1249 3311 1379 3392 luerat
1402 3312 1677 3419 propositum:
1703 3309 1921 3390 revocando

118 3459 191 3512 esre
210 3433 353 3514 Biblia
375 3434 536 3516 sixtina
561 3433 619 3512 ud
649 3432 895 3514 ordinariae
922 3451 1078 3514 textum
1106 3453 1145 3516 et
1168 3437 1437 3518 lovaniensem
1458 3435 1679 3544 praecipue
1687 3464 1705 3530 ;
1730 3432 1920 3514 subintel·

116 3557 265 3664 ligendo
296 3585 471 3667 namque
498 3557 718 3640 dremmodo
744 3586 849 3664 quoe
877 3559 922 3638 in
951 3559 1041 3639 istis
1067 3560 1264 3668 deficiunt
1285 3559 1563 3670 suppleantur
1586 3557 1707 3639 iuxta
1734 3587 1919 3639 normam

116 3683 332 3764 arietinis
363 3683 408 3764 in
438 3682 570 3764 codiee
600 3683 810 3789 earofiano
843 3682 1094 3778 exhibitam,
1125 3702 1163 3764 et
1193 3685 1494 3766 abscindantur
1520 3711 1626 3791 quae
1657 3683 1913 3781 redundant,

116 3807 221 3888 sicuti
250 3833 391 3888 revera
419 3825 620 3916 expuncta
647 3807 699 3890 ab
721 3805 806 3888 istis
828 3808 1025 3888 nonnulla
1046 3806 1233 3910 fuerunt,
1255 3835 1361 3920 quae
1383 3809 1479 3890 olim
1505 3825 1545 3889 et
1568 3807 1611 3887 in
1634 3807 1860 3888 Ordinariis
1882 3825 1921 3888 et

116 3929 153 4006 in
178 3931 477 4014 lovaniensibus
503 3930 641 4014 Bibliis
668 3932 947 4032 obtinuerant;
973 3961 1108 4042 neque
1130 3950 1344 4042 propterea
1369 3961 1392 4013 a
1415 3933 1660 4042 gregorianis
1687 3933 1921 4012 correctori·

116 4053 184 4134 bus
202 4057 245 4134 in
262 4073 418 4164 partem
445 4055 609 4138 fuerunt
628 4054 777 4139 adscita
797 4084 924 4138 novae
942 4055 1143 4138 editionis.
1169 4059 1307 4140 Posset
1322 4058 1488 4140 fortasse
1506 4058 1599 4166 quis
1616 4057 1733 4137 etiam
1759 4055 1921 4137 credere

116 4176 207 4260 illud
234 4181 379 4262 abusa
405 4182 676 4264 restituantur
696 4181 874 4263 laborem
901 4183 1141 4262 sixtinorum
1167 4210 1353 4292 carpere,
1373 4183 1445 4292 qui
1468 4183 1683 4263 sententias
1706 4179 1926 4262 nonnullas

116 4303 161 4380 ab
186 4305 407 4414 interprete
433 4307 557 4388 latino
590 4306 869 4389 declarationis
901 4307 1026 4414 g‘ratia
1059 4309 1227 4388 insertas
1261 4306 1512 4404 deleverant,
1541 4308 1601 4385 uti
1630 4333 1692 4385 ex.
1725 4333 1786 4412 gr.
1818 4307 1916 4384 Gen.

116 4427 262 4525 XXXI,
287 4433 356 4537 47.
379 4449 542 4540 uterque
569 4433 689 4516 iuxta
709 4433 1001 4540 proprietatem
1030 4433 1197 4542 linguae
1214 4459 1333 4528 suae,
1357 4449 1403 4513 et
1421 4430 1578 4527 XXXI,
1599 4431 1667 4525 48.
1691 4430 1737 4509 id
1760 4445 1817 4508 est
1841 4431 1881 4509 T
1877 4457 1921 4507 u·

118 4553 247 4634 mulus
272 4555 403 4651 testis,
430 4582 535 4663 quae
560 4556 705 4638 absunt
724 4556 777 4638 ab
795 4555 991 4651 hebraeo,
1013 4583 1200 4666 quaeque
1221 4555 1483 4636 nihilominus
1499 4553 1637 4636 Sintus
1658 4552 1709 4633 V.
1731 4579 1827 4632 suae
1844 4550 1923 4632 edi·

116 4673 209 4756 tioni
237 4695 346 4760 recte
373 4679 559 4776 inseruit,
581 4696 701 4788 atque
724 4678 774 4762 de
795 4680 891 4788 ipsis
914 4680 956 4761 in
981 4682 1088 4762 notis
1116 4680 1312 4780 dicemus;
1339 4679 1408 4761 sed
1435 4707 1526 4760 cum
1554 4680 1709 4759 nullum
1736 4692 1922 4784 suppetat

116 4798 267 4883 firmum
296 4823 595 4910 argumentum,
617 4807 723 4886 hanc
745 4805 1000 4914 hypothesim
1024 4807 1212 4886 intactam
1236 4804 1516 4914 relinquimus.
1542 4801 1646 4883 Illud
1669 4819 1779 4882 extra
1807 4798 1921 4880 dubii

116 4924 229 5008 aleam
257 4931 434 5037 positum
461 4957 546 5012 esse
573 4930 713 5027 debet,
735 4928 1003 5012 restituendos
1024 4931 1164 5028 fuisse,
1185 4947 1308 5040 prout
1333 4929 1468 5009 Sixtus
1488 4927 1542 5007 V.
1565 4927 1653 5037 ipse
1676 4928 1918 5021 restituerat,

116 5073 244 5132 versus
263 5052 485 5134 nonnullos
502 5054 697 5136 librorum
717 5057 841 5163 Regg.
864 5074 904 5137 et
922 5055 1014 5136 libri
1034 5060 1148 5137 Prov.
1172 5055 1244 5164 qui
1262 5083 1285 5134 a
1305 5054 1491 5163 pluribus
1512 5052 1678 5132 saeculis
1701 5050 1922 5131 eversione

116 5171 231 5253 LXX.
265 5178 308 5256 in
342 5179 501 5260 latinam
536 5178 748 5288 Vulgatam
782 5181 1039 5289 irrepserant.
1077 5179 1223 5287 (cons.
1253 5178 1459 5274 Sabatier,
1489 5175 1734 5256 Admonitio
1760 5175 1922 5283 praeuia

116 5295 178 5378 lib.
197 5303 316 5382 Prov.
332 5320 372 5383 et
390 5331 511 5413 supra
530 5303 582 5384 ad
595 5308 631 5408 S.
647 5305 724 5410 V.)
744 5303 867 5405 Quod
886 5322 1038 5413 spectat
1055 5305 1108 5387 ad
1124 5305 1287 5388 tertium
1306 5331 1523 5400 canonem,
1543 5301 1761 5380 immutata
1778 5323 1923 5405 nempe

116 5425 358 5506 considerari
383 5427 538 5524 debere,
564 5429 623 5509 vel
642 5429 681 5508 si
706 5457 809 5538 opus
824 5431 982 5535 suisset
1005 5431 1166 5540 corrigi,
1191 5429 1244 5512 ad
1262 5455 1446 5510 novama
1470 5424 1765 5508 correctoribus
1783 5447 1923 5527 grego·

217 5680 255 5746 (1)
274 5676 347 5734 Vide
367 5691 439 5752 quae
457 5677 492 5736 de
510 5679 564 5738 bae
582 5695 612 5739 re
629 5678 827 5740 adnotavimus
844 5695 930 5756 supra
949 5681 985 5742 ad
1058 5671 1782 5750 11118,14.8181111.ΧΧ111,85.88(1188888801οω
1795 5679 1921 5740 agemus.

117 5775 176 5834 1¹³8·
194 5764 328 5822 XLVlll·
343 5773 410 5823 ³⁰1³
429 5774 455 5825 8·
1165 5773 1202 5837 (8)
1220 5767 1285 5826 Alia
1304 5765 1429 5842 exempla
1449 5764 1536 5824 babes
1551 5764 1582 5822 lu
1598 5761 1722 5825 secundo
1742 5760 1850 5830 Regum
1868 5755 1921 5820 Vl.

218 5859 256 5924 u)
274 5855 433 5928 Insigniora
456 5856 552 5916 loeaa
574 5858 748 5932 gregorianis
767 5859 897 5918 resumta
917 5857 986 5918 baec
1057 5863 1101 5917 tt.
1116 5859 1200 5928 vul,
1218 5863 1246 5916 8.
1264 5859 1351 5928 XIX,
1371 5862 1414 5914 to.
1429 5855 1494 5929 Sap.
1509 5853 1577 5923 vn,
1598 5858 1640 5910 18.
1661 5848 1755 5916 xvn,
1773 5851 1800 5902 8.
1821 5841 1921 5906 erun.

119 5937 172 5998 lere
182 5950 251 6000 suut
266 5945 352 6002 Num.
367 5946 464 6014 XXX,
480 5951 523 6006 u.
538 5951 580 6004 12.
596 5953 638 6006 18.
652 5945 889 6016 tuttaxvum.
903 5948 984 6006 Prev.
1058 5948 1187 6017 XXXII,
1201 5953 1243 6006 to.
1259 5946 1365 6007 Hebae.
1380 5947 1409 6016 l,
1421 5951 1448 6004 8.
1463 5949 1526 6004 Aet.
1541 5943 1617 6006 XIV,
1629 5946 1656 5998 o.
1671 5937 1775 6006 XXIV,
1788 5940 1832 5994 18.
