4740 6680
464 515 532 587 Ill
1166 511 1337 585 anonas
1363 510 1455 584 (ΑΡ.
1479 507 1550 584 xx.

463 685 468 736 ἰ
513 667 573 737 11.
597 662 692 750 Quod
709 665 743 736 si
753 705 803 718 ω
814 662 913 760 Ilugo
936 661 1026 749 oue
1042 664 1084 735 si.
1101 663 1165 736 I’ro
1184 664 1316 763 seem,
1397 687 1475 735 eum
1490 657 1680 758 Augustino
1694 683 1793 757 super
1806 656 1909 742 illud,
1922 657 2004 731 item
2020 681 2137 756 margo
2150 655 2252 740 0rd.;

463 781 562 856 codd.
575 781 612 864 F,
630 779 669 864 G,
684 777 797 851 Victor
814 804 888 879 cap.
900 777 924 850 l.
936 803 967 850 c.
979 778 1140 878 fueritin
1156 777 1236 851 item
1257 793 1322 850 tar
1397 776 1549 849 Isidorus
1570 773 1705 848 Clarius
1724 788 1758 848 et
1780 799 1897 870 margo
1914 771 2001 846 bibl.
2017 771 2124 870 lfflssd.
2141 773 2252 846 tono.

464 921 543 994 gum
570 893 806 995 hlorosolym.;
823 919 899 966 mox
921 919 982 993 pro
1007 892 1215 992 oedifieobic3
1231 892 1320 965 idem
1397 892 1495 963 iaetu
1514 889 1613 962 illud.
1630 888 1839 962 correctores
1861 886 1911 962 Pii
1925 887 1963 961 V.
1982 903 2071 962 recte
2089 905 2257 985 negarunt

464 1012 577 1085 llictor.
590 1033 666 1110 cap.
679 1009 908 1108 aedificabitis.
925 1011 1004 1081 Post
1020 1009 1178 1092 cultrum,
1191 1005 1322 1080 addunt
1397 1004 1554 1078 addenda
1573 1029 1651 1076 essa
1669 1001 1771 1077 rerba
1792 1027 1890 1100 super
1912 1001 1986 1086 illo,
2009 1026 2099 1101 quae
2119 1000 2200 1074 licet
2220 1000 2257 1072 in

464 1142 555 1198 tuum
575 1123 713 1211 sixtini,
728 1124 828 1196 codd.
847 1124 891 1208 Α,
910 1124 948 1206 Β,
964 1122 1007 1209 C,
1028 1121 1071 1207 D,
1088 1122 1132 1208 E,
1153 1123 1189 1208 F,
1207 1121 1249 1206 G,
1270 1121 1317 1206 II,
1398 1119 1543 1194 hebraeo
1566 1120 1657 1192 Ionte
1681 1134 1714 1192 et
1738 1145 1858 1216 graeco
1885 1117 2059 1215 legantur,
2081 1117 2257 1190 tamenin

463 1244 487 1314 b
511 1245 592 1328 (1.,
609 1241 656 1327 0,
672 1241 717 1326 R,
738 1240 776 1325 S,
798 1241 840 1325 'I,
861 1240 904 1325 U,
922 1239 963 1323 ll,
979 1238 1056 1311 Cas.
1071 1258 1208 1322 omnes,
1229 1233 1316 1307 Bibl.
1397 1234 1511 1308 latinis
1530 1233 1634 1308 nullis
1654 1234 1755 1307 codd.
1772 1233 1848 1307 hele
1870 1249 2063 1307 occurrunt.

464 1357 602 1442 Ordin,
619 1356 748 1454 priores
766 1354 844 1426 odd.
861 1353 944 1426 llob.
961 1351 1093 1451 Steph,
1112 1349 1186 1436 all.,
1203 1350 1320 1422 Petrus
1446 1349 1529 1450 Cap.
1543 1349 1633 1435 lllll,
1649 1351 1684 1421 1.
1701 1348 1791 1421 Haec
1811 1346 2035 1421 rear-cod.
2052 1346 2131 1420 Cas.
2149 1349 2186 1418 1.
2202 1350 2258 1419 ad

463 1475 561 1547 Dum.
580 1471 698 1557 CXLV,
716 1473 816 1554 ort,
832 1470 943 1541 Bruno
964 1484 1045 1552 ast,
1062 1467 1246 1564 Rupertus,
1265 1463 1322 1535 Pe
1398 1463 1448 1536 dit
1462 1479 1641 1562 praecepto
1654 1478 1763 1561 utque.
1781 1465 1844 1538 Pro
1858 1488 2035 1562 propensa,
2048 1460 2165 1535 codd
2182 1485 2259 1558 pro·

467 1606 538 1662 trus
558 1586 676 1673 Com.;
698 1585 736 1656 it.
753 1582 871 1670 hebr,
892 1607 1052 1680 graecus,
1068 1578 1208 1678 Aquila,
1225 1577 1322 1676 Sym·
1394 1581 1509 1676 porris;
1521 1580 1631 1652 cod.B
1647 1605 1845 1678 praepones,·
1857 1577 2067 1676 Augustinus
2079 1602 2121 1650 ex
2135 1599 2257 1673 gruson

466 1703 624 1785 machus,
641 1699 842 1785 Theodotio,
859 1723 1000 1795 graecus
1017 1722 1093 1770 ven.
1107 1711 1140 1768 et
1155 1690 1318 1766 Onlrelos.
1396 1721 1497 1792 porres
1517 1721 1637 1767 eorem
1654 1695 1716 1766 Pro
1736 1696 1782 1768 eis
1798 1693 1899 1767 codd.
1912 1695 1949 1780 F,
1964 1693 2003 1780 V,
2020 1691 2098 1766 Cas.
2110 1692 2163 1776 1,,
2178 1691 2259 1762 Bru·

465 1817 733 1892 lIontIauconius
765 1815 799 1885 in
829 1812 993 1912 Hexaplis
1025 1811 1113 1884 hane
1145 1808 1322 1883 lectionem
1399 1835 1442 1882 no
1469 1827 1533 1883 ast.
1558 1810 1639 1908 filiis
1663 1811 1788 1894 Israel·
1808 1807 1863 1883 his
1888 1808 2001 1882 lavare
2020 1807 2154 1882 ridetur
2179 1805 2259 1880 dm·

465 1929 818 2031 Vulgatoadseribere
839 1955 906 2001 non
926 1927 1114 2000 debuisset.
1400 1923 1552 2010 hrosius;
1569 1924 1728 1999 Rabanus
1748 1939 1848 1998 uret.

516 2047 604 2120 ibid.
620 2045 942 2143 supereo-Sintes,
956 2039 1191 2127 codd.A,B,C
1214 2043 1320 2123 I.m.,
1451 2044 1485 2114 3.
1509 2041 1771 2128 oeate-IIeio,
1796 2058 1830 2114 et
1852 2041 1974 2115 rersIe.
1999 2066 2072 2141 seq.
2095 2039 2259 2136 vulgatus

464 2166 510 2251 Il,
526 2163 612 2237 Bibl.
630 2162 730 2248 Ord.‚
747 2160 880 2234 lloherti
899 2159 1032 2258 Steph,
1048 2159 1189 2244 boran,
1206 2157 1323 2229 Petrus
1399 2181 1516 2230 uocem
1542 2176 1587 2252 ¹¹12
1614 2184 1655 2229 ex
1679 2183 1745 2230 usu
1770 2181 1926 2230 aramaeo
1951 2157 2193 2257 interpretatur
2216 2155 2260 2228 de

466 2280 564 2352 llam.
592 2277 615 2349 I.
642 2303 673 2350 c.
702 2302 800 2375 super
829 2302 912 2346 cum.
941 2273 984 2344 At
1014 2273 1150 2345 Tolerus
1183 2269 1321 2344 scribit:
1400 2287 1510 2359 veste3
1531 2273 1585 2344 oui
1609 2271 1740 2345 accedit
1761 2271 2005 2358 samaritanus,
2025 2269 2208 2344 Kimehius
2229 2289 2260 2344 et

469 2427 486 2464 r
503 2397 590 2492 Lege
611 2420 709 2492 super
729 2419 763 2464 eo
771 2421 782 2477 ,·
803 2392 850 2463 ita
872 2389 1056 2489 Complut,
1073 2389 1172 2484 Reg,
1191 2413 1275 2459 mss.
1292 2401 1325 2459 et
1401 2385 1535 2459 Salomo
1551 2384 1616 2458 hen
1631 2385 1772 2460 ldeleeh.
1789 2387 1861 2460 Etsi
1877 2413 1976 2486 porro
1991 2385 2202 2486 probabilior
2217 2386 2260 2458 sit

469 2542 486 2580 a
502 2508 737 2606 Congregatio.
753 2537 770 2576 u
787 2507 915 2578 Revera
931 2503 1047 2576 sixtini
1066 2519 1099 2575 et
1115 2501 1321 2599 gregoriani,
1401 2500 1541 2574 aliorum
1557 2502 1741 2588 sententia,
1754 2501 1812 2599 qui
1831 2501 1935 2574 huius
1950 2500 2015 2574 loci
2031 2525 2171 2574 sensum
2190 2499 2263 2574 red·

466 2653 542 2702 oum
563 2624 663 2721 longe
681 2623 800 2723 potiori
823 2620 976 2694 codicum
999 2643 1139 2690 numero
1156 2616 1326 2714 antiquio-
1400 2615 1504 2691 dunt:
1526 2618 1567 2688 Si
1593 2643 1666 2688 cum
1688 2617 1756 2689 solo
1781 2643 1911 2715 corpore
1935 2621 2095 2714 (graecus
2117 2601 2262 2709 μόνος,

465 2741 631 2840 ribusquo
646 2739 804 2813 omnihus
818 2737 914 2823 edd,
931 2734 1130 2808 hodiernam
1147 2731 1324 2804 lectionem
1402 2730 1437 2803 id
1453 2749 1505 2805 est
1518 2731 1669 2828 caelebs)
1689 2733 1794 2816 veuit,
1811 2747 1877 2806 eto.
1888 2746 2000 2806 tamen
2013 2730 2144 2828 Vulgari
2163 2731 2262 2806 intor-

466 2857 663 2930 intulerunt.
681 2855 764 2928 Cod.
778 2853 856 2926 Cas.
869 2855 887 2924 I
898 2910 921 2940 .,
938 2850 1024 2923 Bibl.
1037 2850 1199 2948 Antuerp.
1213 2849 1322 2919 tuat.
1402 2849 1543 2947 pretatio
1565 2873 1631 2922 non
1648 2863 1739 2920 earet
1755 2848 1848 2920 omui
1866 2846 2101 2933 fundamento,
2117 2846 2168 2920 uti
2186 2869 2262 2944 per-

467 2971 815 3058 terminarem.
836 2969 861 3040 l.
878 2994 929 3054 c.,
950 2991 1065 3064 margo
1086 2964 1207 3037 Ordin.
1228 2988 1327 3060 super
1402 2988 1517 3062 peram
1538 2962 1710 3036 contendit
1731 2962 1872 3035 hmama
1895 2962 1929 3034 in
1952 2961 2103 3035 deliber.
2120 2987 2155 3060 p.
2175 2961 2257 3032 291.

465 3087 569 3172 illud;
586 3086 738 3160 lsidorus
756 3086 798 3172 ll,
817 3086 922 3170 383.,
939 3082 1028 3154 Beda
1050 3081 1108 3166 IV,
1127 3081 1209 3151 375.
1228 3102 1326 3174 super
1403 3078 1466 3149 Pro
1493 3077 1631 3162 habeus,
1656 3076 1756 3150 codd.
1779 3078 1821 3162 V,
1847 3078 1925 3152 Cas.
1948 3080 1984 3149 1.
2011 3077 2172 3150 hebuerit.
2201 3075 2263 3148 Pro

468 3203 518 3291 id,-
539 3202 698 3276 Ilabanus
717 3227 794 3274 cum
813 3223 932 3296 graeco
947 3213 979 3272 et
996 3196 1098 3270 arabe
1116 3221 1215 3292 cuper
1231 3193 1323 3276 illos,
1403 3193 1600 3293 egredietur,
1618 3193 1752 3281 sintini,
1769 3192 1869 3267 codd.
1886 3194 1934 3279 Α,
1950 3193 1987 3278 F,
2004 3192 2083 3266 Ges.
2100 3192 2169 3264 lere
2190 3217 2262 3264 om-

467 3317 631 3392 Martinus
655 3316 721 3412 leg.
744 3314 891 3399 CCVIII,
917 3315 1000 3384 out.
1026 3336 1124 3408 super
1147 3335 1199 3382 eor
1225 3313 1326 3404 (mor
1403 3335 1482 3394 nes,
1501 3308 1680 3406 Gregorius
1697 3309 1781 3393 III,
1800 3310 1907 3380 1196.
1922 3309 2065 3394 tutu,
2082 3307 2259 3395 llohanna,

469 3432 552 3530 legit
566 3431 774 3530 polluentur,
792 3451 934 3525 graecus
955 3421 1198 3523 papluvrut);
1219 3425 1326 3496 Lucas
1404 3423 1514 3496 Bruno
1541 3441 1629 3512 ast,
1652 3423 1833 3497 Garoerius
1860 3422 2011 3510 CXCIII,
2034 3424 2128 3508 ut,
2153 3424 2259 3506 tto,

467 3551 630 3646 Brugens.
644 3560 759 3619 monet
774 3569 839 3617 non
857 3569 935 3618 esse
947 3540 1230 3640 legendumeum‚
1244 3535 1329 3611 mul·
1403 3538 1521 3638 Spieil.
1538 3539 1677 3614 soleam.
1692 3539 1755 3626 lll,
1772 3541 1856 3611 tos.
1872 3539 2072 3640 egrediatur.

468 3683 571 3764 toque
592 3663 706 3736 minus
731 3661 956 3735 incolarum
984 3683 1044 3757 pro
1073 3655 1235 3753 singulari
1265 3679 1328 3726 nu·
1456 3657 1489 3726 t.
1511 3653 1637 3728 dederat
1651 3654 1928 3741 {tlt-codas
1946 3654 1981 3740 S,
1997 3653 2122 3727 dederit
2140 3657 2182 3727 ei.
2201 3655 2262 3727 l'ro

469 3767 562 3853 mero
577 3792 668 3853 stant
683 3777 821 3878 quidem
836 3773 1023 3860 hebraeus,
1039 3788 1073 3846 et
1087 3772 1200 3872 plures
1218 3769 1327 3868 graeei
1400 3771 1578 3867 pepererit,
1596 3768 1695 3844 eodd.
1712 3769 1758 3856 Α,
1779 3769 1824 3855 Il,
1842 3768 1886 3857 G,
1902 3770 1944 3856 T,
1962 3769 2008 3854 lJ,
2024 3769 2068 3854 I,
2084 3767 2162 3842 Cas.
2181 3770 2258 3854 to,

469 3893 568 3968 codd.
584 3919 654 3966 una
672 3917 749 3964 eum
772 3889 912 3989 Aquila,
933 3885 1153 3987 Symmacho,
1175 3883 1329 3958 Theodo-
1404 3883 1493 3956 Bibl.
1515 3883 1658 3972 Ordin,
1678 3884 1783 3982 Ileg.,
1802 3883 1881 3972 all.,
1902 3885 2015 3957 Bruuo
2037 3899 2103 3957 ast.
2120 3887 2258 3982 peperit.

472 4010 579 4096 tione,
600 4008 763 4106 aliisque3
786 4021 821 4077 at
845 4031 911 4077 non
939 4002 1019 4074 inde
1044 4001 1216 4101 sequitur,
1237 3999 1329 4100 quod
1407 4001 1470 4072 I’ro
1493 4000 1605 4085 liberi,
1620 3999 1709 4072 Bibl.
1725 3999 1847 4076 Ordiu.
1862 4000 1939 4100 filii.
1956 4002 2036 4075 Post
2051 3999 2178 4072 domiui
2195 3999 2262 4072 six·

469 4125 587 4200 uolunt
603 4125 711 4196 Rocca
728 4123 755 4208 l,
774 4122 857 4194 aut.
874 4135 907 4192 et
923 4118 1157 4216 Bukentopius
1174 4144 1208 4217 p.
1226 4117 1326 4202 391,
1408 4115 1469 4189 tini
1495 4141 1573 4188 uum
1599 4115 1722 4191 codh
1747 4132 1980 4215 expunxerunt
2004 4118 2076 4202 ari,
2096 4116 2175 4188 item
2203 4117 2261 4188 Pe·

471 4238 561 4315 istud
582 4262 767 4339 pronomen
793 4235 837 4307 ad
862 4235 967 4308 altore
991 4232 1202 4308 relerendum
1230 4257 1326 4317 esse;
1407 4249 1478 4307 trus
1497 4231 1614 4320 Com,
1634 4231 1753 4320 arabs,
1773 4247 1821 4320 et,
1843 4247 1960 4308 eontm
1983 4231 2085 4305 fidem
2111 4232 2166 4305 sui
2194 4247 2263 4305 ter·

470 4381 511 4428 ex
533 4380 603 4454 qua
626 4351 786 4452 opinions
812 4366 885 4424 orte
908 4348 1043 4422 uidetur
1063 4346 1197 4422 illorum
1218 4345 1332 4419 conie—
1407 4362 1481 4435 tus,
1504 4347 1609 4419 latina
1631 4347 1743 4421 tersio
1769 4347 1965 4420 samaritani
1991 4347 2026 4420 in
2051 4345 2258 4447 polyglottis.

471 4469 662 4569 ctura,.qui
684 4467 774 4541 idem
802 4487 985 4565 pronomen
1013 4479 1074 4564 per
1094 4479 1246 4536 neutrum
1272 4485 1332 4558 ge-
1408 4465 1471 4537 Pro
1490 4464 1611 4549 coibit,
1635 4463 1795 4538 Ilabauus
1817 4467 1922 4550 naeu
1944 4463 2007 4538 etsi
2036 4465 2125 4537 bano
2149 4489 2261 4538 rocem

472 4615 537 4661 nus
559 4585 761 4661 extulerunt.
783 4584 867 4657 Nam
893 4609 934 4655 ex
959 4579 1105 4654 hebraeo
1126 4591 1258 4652 constat
1278 4603 1332 4652 re-
1408 4582 1522 4654 minus
1539 4579 1730 4682 probauerit
1746 4580 1983 4669 Foreellinius,
1999 4597 2112 4654 tamen
2129 4605 2170 4653 ea
2188 4607 2263 4680 pes-

472 4703 548 4778 Ierri
565 4701 609 4775 sd
632 4699 775 4798 lapidem
799 4697 998 4794 (collective
1011 4710 1182 4795 sumptum
1204 4718 1265 4792 pro
1286 4690 1333 4764 lu
1410 4697 1475 4768 sim
1500 4696 1645 4769 occurrit
1670 4716 1739 4768 non
1764 4694 1864 4769 modo
1885 4694 1978 4794 apud
2000 4693 2259 4778 Tertullianum,

469 4817 631 4918 pidiboa)
660 4841 701 4888 ex
727 4841 796 4914 quo
821 4813 927 4887 altare
952 4810 1216 4896 aedificabatur,
1242 4808 1334 4882 unde
1408 4809 1632 4906 Augustinum
1662 4809 1817 4910 aliosque
1844 4824 1975 4884 ueteres
2003 4809 2094 4884 afros
2123 4809 2263 4909 scripto·

474 4957 596 5008 sensus
622 4947 690 5005 est:
710 4931 774 5002 «Si
796 4929 962 5005 levareris
983 4925 1128 5001 cultrum
1155 4939 1248 4998 tuom
1275 4949 1335 4998 su·
1410 4952 1481 5014 res,
1499 4927 1560 5000 sed
1580 4943 1613 4998 et
1632 4926 1666 4998 in
1688 4925 1784 5012 itala,
1800 4941 1834 4999 et
1853 4926 1888 4998 in
1909 4927 2044 5024 vulgata
2066 4927 2264 5026 interpreta-

476 5078 495 5118 s
512 5073 572 5148 per
591 5073 649 5121 eos
667 5045 820 5145 lapides,
838 5045 894 5119 isti
914 5042 1116 5143 polluantur.
1133 5071 1149 5110 a
1166 5038 1217 5111 CI.
1231 5038 1329 5112 Dent.
1410 5042 1501 5116 tione
1517 5057 1712 5140 usurpetur.
1731 5040 1782 5114 Gt.
1795 5041 1910 5115 Iudith
1926 5043 1986 5130 Ill,
2003 5044 2063 5114 tt.
2075 5042 2142 5115 lau.
2156 5043 2211 5126 bl,
2228 5045 2258 5112 I.

474 5162 611 5247 xxvu,
636 5164 670 5234 t.
693 5159 866 5234 Praeclare
891 5157 1017 5232 nodum
1048 5156 1148 5231 solvit
1177 5153 1335 5227 lonatba·
1410 5173 1444 5231 et
1462 5183 1550 5258 quae
1570 5157 1807 5232 adnotavimus
1826 5159 1870 5231 ad
1891 5158 1969 5232 bar.
1986 5157 2084 5244 xxv,
2104 5163 2160 5232 to.

476 5303 558 5364 nus,
575 5277 634 5377 qui
653 5301 714 5376 pru
729 5274 888 5349 hebraico
906 5265 1011 5356 what.
1029 5271 1142 5373 posuit
1160 5289 1260 5348 rstntt
1278 5263 1336 5352 lu..
1462 5277 1496 5347 t.
1517 5273 2260 5370 etuuorem-—Ilibl.01din.,bugd.1522,

476 5390 662 5466 Retinenda
676 5389 781 5487 igitur
796 5404 929 5488 recepta
949 5412 1145 5486 graecorum
1164 5383 1264 5460 lectio
1284 5372 1333 5456 (π’
1412 5387 1470 5462 all.
1487 5403 1598 5462 tacent
1616 5404 1664 5474 ct,·
1681 5389 1762 5463 item
1782 5387 1895 5475 hebr.,
1915 5387 2098 5462 chaldaeus
2118 5405 2153 5464 et
2171 5413 2263 5486 graa-

477 5493 633 5588 otriuoo'c.
659 5504 754 5579 Alios
784 5521 896 5606 eutem
926 5504 1110 5604 plerosque
1135 5501 1337 5600 interpretes
1412 5529 1473 5578 cus
1485 5531 1562 5578 ren.
1579 5506 1644 5580 Pro
1655 5531 1696 5578 uc
1709 5505 1843 5589 liberos,
1859 5505 2017 5579 liahanus
2031 5522 2063 5578 et
2074 5506 2188 5579 Ilruno
2199 5521 2259 5577 ast.

476 5620 638 5695 hebraIea
656 5619 861 5695 oonstnretio
880 5619 1015 5707 IeIolIit,
1030 5617 1156 5718 quibus
1176 5617 1337 5691 accedere
1412 5633 1442 5690 et
1464 5620 1594 5694 liberos.
1611 5622 1675 5694 Pro
1696 5619 1862 5718 egredior,
1880 5619 1956 5694 eod.
1974 5621 2000 5692 E
2023 5619 2224 5718 suadetur..

477 5737 609 5810 ridetur
631 5737 861 5812 samaritanus
876 5750 987 5810 tentus
1006 5733 1123 5832 legens
1145 5740 1279 5813 Μὶν.
1462 5738 1497 5808 d.
1520 5735 1631 5834 offeret
1645 5777 1690 5792 -
1704 5734 1812 5809 Codd.
1828 5735 1872 5822 C,
1888 5736 1931 5822 o,
1948 5735 1988 5823 (I,
2003 5737 2047 5823 ll,
2064 5736 2100 5822 S,
2116 5735 2155 5823 Τ,
2171 5735 2212 5822 ll,
2226 5735 2262 5818 V,

531 5852 594 5923 aa.
612 5851 779 5950 turpitudo
797 5851 1033 5950 tua-Ilerge
1046 5849 1220 5926 codicisll
1241 5848 1338 5924 addit
1413 5848 2041 5948 uss.tt.,uibl.0ntin.,1tag.,ot.‚
2057 5851 2168 5924 hrono
2182 5867 2260 5936 ast,
