4804 6692
1189 521 1506 598 caucasorum

1245 707 1317 808 i·
1342 705 1414 786 Vi·
1537 735 1540 740 ·

695 862 832 944 Codex
859 863 1095 969 carastunus
1122 894 1230 946 verus
1256 868 1509 948 siminorum
1536 871 1823 950 correctionum
1852 887 1986 980 typus.

472 1099 476 1112 .
547 1039 641 1120 Idea
668 1039 817 1120 codicis
844 1040 1030 1121 carafiani
1047 1043 1229 1126 sirtinos
1246 1049 1501 1128 correctiones
1523 1049 1746 1130 exhibentis
1767 1051 1976 1157 hucusque
1998 1050 2142 1132 tradita
2164 1079 2250 1132 non

442 1191 487 1242 ea
514 1181 599 1259 est,
629 1163 820 1259 fatemur,
849 1191 954 1270 quac
981 1192 1139 1248 omnem
1167 1169 1458 1251 dubitationem
1486 1174 1619 1252 animo
1646 1175 1793 1254 eximat
1825 1175 1928 1253 circa
1957 1176 2081 1280 ipsius
2108 1173 2252 1256 identi-

442 1301 563 1366 tatem
590 1315 681 1367 cum
710 1288 779 1366 illo
802 1286 946 1368 'codice
973 1319 1093 1398 quem
1121 1322 1219 1400 prae
1245 1296 1430 1374 manibus
1455 1295 1645 1374 babemus
1672 1297 1925 1402 sistimusque
1946 1300 1989 1378 in
2012 1299 2086 1380 bac
2113 1317 2249 1382 nostra

442 1409 669 1490 collatione.
697 1412 798 1491 Cum
824 1412 931 1491 enim
954 1430 1086 1494 careat
1108 1418 1225 1496 titulo
1248 1419 1304 1524 (r)
1329 1435 1369 1498 et
1390 1419 1702 1525 subscriptione,
1723 1419 1885 1505 aliunde
1905 1421 2248 1528 comprobandum

442 1550 502 1612 est
524 1532 637 1640 quod
658 1535 842 1614 volumus
865 1564 1057 1632 asserere,
1082 1541 1288 1619 continere
1313 1540 1498 1622 videlicet
1520 1543 1631 1620 hunc
1658 1570 1770 1622 veras
1793 1561 1832 1622 ct
1856 1544 2090 1648 originarias
2117 1573 2248 1628 corre-

442 1658 595 1738 ctiones
614 1688 638 1739 a
659 1655 770 1746 Sixto
789 1659 840 1738 V.
864 1661 1090 1768 imperatas.
1115 1663 1283 1743 Nostrae
1306 1664 1427 1770 igitur
1449 1666 1675 1744 assertionis
1698 1683 1896 1748 momenta
1917 1669 2130 1776 praecipua
2150 1670 2248 1750 baec

441 1797 554 1860 sunt:
580 1799 723 1862 natura
748 1784 1047 1890 castigationum
1073 1786 1115 1862 in
1144 1787 1282 1890 primis
1305 1804 1364 1865 est
1387 1786 1636 1882 huiusmodi,
1665 1805 1710 1866 ut
1732 1817 1922 1870 summam
1949 1790 2052 1869 illius
2073 1793 2247 1897 Congre-

441 1903 610 2009 gationis
637 1906 808 2013 prioris,
843 1933 948 2012 quae
975 1905 1139 1986 Carafae
1173 1908 1346 1986 consiliis
1378 1909 1615 2013 regebatur,
1645 1911 1850 1990 sollicitam
1883 1910 2127 2015 diligentiam
2152 1939 2246 2020 pro·

442 2025 559 2121 dant,
582 2045 706 2134 prout
733 2057 755 2106 a
783 2029 1047 2134 scriptoribus
1069 2032 1224 2110 coaevis
1249 2029 1500 2111 describitur.
1526 2032 1650 2110 Simul
1674 2035 1791 2112 etiam
1814 2034 2014 2114 Pontificis
2041 2037 2246 2142 ingenium

441 2148 623 2230 redolent
649 2152 839 2250 iubentis,
864 2169 909 2231 ut
931 2153 1052 2258 paulo
1079 2169 1170 2233 ante
1196 2151 1387 2250 vidimus,
1413 2155 1554 2262 procul
1579 2183 1662 2234 esse
1682 2184 1705 2237 a
1729 2155 1899 2262 Vulgata
1921 2185 2026 2263 quac
2046 2157 2097 2238 ad
2119 2160 2246 2267 ipsius

437 2291 593 2354 textum
622 2303 704 2353 non
732 2275 992 2382 pertinerent.
1021 2276 1162 2381 Neque
1193 2275 1350 2356 obstare
1382 2275 1525 2372 debet,
1557 2277 1740 2358 sixtinam
1774 2278 1988 2360 editionem
2015 2309 2105 2362 cum
2139 2283 2247 2363 hisce

438 2398 782 2478 emendationibus
808 2426 891 2478 non
918 2402 1182 2506 conspirasse3
1211 2427 1306 2478 nam
1334 2427 1424 2479 cnm
1452 2400 1635 2480 universe
1664 2402 1741 2482 boc
1768 2429 1906 2482 verum
1935 2429 2019 2485 non
2047 2421 2127 2500 cst,
2158 2421 2244 2487 tum

439 2518 728 2602 dissensionum
751 2524 852 2601 ratio
875 2521 975 2602 tradi
1001 2539 1153 2628 potest3
1176 2539 1298 2628 prout
1320 2549 1396 2601 nos
1418 2522 1508 2603 loco
1534 2551 1611 2602 suo
1635 2526 1865 2632 praestituri
1892 2553 2050 2624 sumus,
2077 2555 2168 2608 cum
2193 2526 2246 2610 de

439 2647 504 2728 illa
538 2645 714 2728 editione
749 2646 997 2728 disseremus.
1028 2649 1232 2726 Praeterea
1263 2649 1296 2725 si
1331 2647 1521 2753 temporis
1554 2646 1740 2730 adiuncta
1768 2647 2094 2746 considerentur,
2128 2650 2245 2732 facile

438 2789 568 2881 potest
587 2773 773 2878 intelligi,
795 2771 837 2852 id
862 2799 965 2879 opus
987 2771 1039 2851 ad
1059 2770 1156 2849 sixti
1175 2770 1227 2848 V.
1254 2770 1529 2878 pontificatum
1553 2770 1804 2852 referendum
1832 2799 1935 2867 esse,
1961 2790 2001 2852 et
2024 2801 2159 2882 neque
2180 2804 2245 2856 an·

438 2915 522 2995 tea,
553 2925 685 3006 neque
712 2912 816 3005 post.
844 2895 1053 3002 Exemplar
1079 2892 1298 3002 siqnidem,
1330 2896 1444 2974 cuius
1476 2896 1640 3001 paginae
1670 2894 1901 2977 huiusmodi
1929 2899 2244 2986 correctionibus

437 3022 583 3109 ditatae
604 3021 785 3118 bierunt,
811 3047 917 3102 auno
943 3017 1240 3098 MDLXXXIII.
1267 3018 1512 3126 Antuerpiae
1535 3018 1767 3125 impressum
1790 3019 1884 3114 fuit,
1909 3019 2074 3102 biennio
2096 3023 2243 3104 scilicet

431 3163 527 3226 anta
554 3143 653 3224 Sixti
681 3145 723 3222 in
747 3143 977 3252 pontificem
1005 3141 1250 3221 electionem.
1278 3142 1413 3241 Quare
1436 3141 1468 3220 si
1491 3143 1663 3248 spatium
1686 3140 1785 3222 illud
1809 3142 1993 3226 detrahas
2021 3147 2242 3226 necessario

436 3267 748 3378 computandum
766 3292 843 3376 pro
862 3267 966 3346 illius
984 3264 1220 3344 advectione
1237 3264 1280 3341 in
1298 3263 1470 3362 ltaliam,
1487 3281 1571 3342 tum
1593 3266 1710 3344 etiam
1730 3282 1886 3373 tempus
1904 3295 1988 3373 quo
2008 3268 2093 3375 ipsa
2112 3268 2242 3350 studia

436 3383 643 3474 intermitti
671 3389 899 3470 debuerunt
919 3390 974 3468 ob
998 3403 1164 3468 mortem
1187 3387 1371 3492 Gregorii
1390 3387 1524 3482 xiii,
1547 3389 1648 3466 insta
1673 3388 1858 3468 funebria
1881 3389 2095 3488 celebrata,
2121 3409 2242 3501 atque

429 3517 667 3597 electionem
695 3515 790 3592 novi
818 3513 961 3592 summi
988 3509 1213 3607 Pontificis,
1242 3509 1424 3618 profecto
1452 3539 1535 3590 non
1561 3527 1679 3592 antea
1709 3511 1837 3593 codex
1870 3515 1937 3593 bic
1962 3515 2081 3598 scribi
2109 3518 2243 3624 potuit

436 3667 558 3747 quam
579 3636 712 3716 Sixtus
732 3634 784 3712 V.
806 3636 848 3714 in
871 3632 964 3714 sede
983 3633 1146 3712 honoris
1166 3633 1227 3712 sui
1250 3634 1490 3713 constitutus
1512 3633 1646 3713 fuerit.
1673 3636 1726 3713 At
1750 3663 1884 3742 neque
1905 3654 2015 3744 post;
2036 3665 2127 3728 cum
2152 3639 2242 3718 nul—

434 3762 505 3842 libi
526 3763 632 3841 inter
652 3761 737 3839 eius
757 3760 1038 3838 annotationes
1061 3757 1209 3836 mentio
1232 3756 1427 3838 habeatur
1449 3757 1618 3838 sixtinae
1635 3755 1838 3854 editionis,
1860 3758 2132 3865 praecedentis
2151 3789 2241 3842 cor-

434 3887 620 3966 rectionis
654 3885 809 3964 nullum
834 3884 1063 3990 vestigium,
1088 3879 1423 3988 quemadmodum
1453 3899 1592 3962 contra
1628 3883 1774 3989 passim
1802 3882 1940 3962 baberi
1967 3885 2164 3989 contingit
2196 3885 2240 3966 in

434 4010 519 4091 aliis
545 4009 711 4089 huiusce
738 4009 894 4114 generis
921 4004 1198 4113 manuscriptis
1220 4021 1260 4084 et
1283 4005 1465 4086 vaticano
1489 4023 1530 4085 et
1551 4005 1732 4113 angelico
1754 4024 1848 4114 post
1866 4006 2022 4088 obitum
2041 4008 2137 4088 Sinti
2162 4009 2240 4088 ela·

432 4131 601 4228 boratis,
628 4131 679 4212 de
706 4128 856 4243 quibus
884 4129 980 4212 alibi
1008 4155 1135 4209 sermo
1163 4144 1355 4208 recurret.

1260 4311 1296 4412 §.
1322 4308 1410 4387 Vll.

867 4469 1100 4580 Multiplici
1125 4485 1360 4578 argumento
1390 4465 1493 4546 idem
1522 4469 1801 4574 confirmatur.

538 4637 650 4716 Aliae
678 4635 843 4740 insuper
870 4633 1128 4740 inpromptu
1155 4646 1249 4710 sunt
1274 4633 1467 4726 rationes,
1494 4660 1566 4712 cur
1591 4631 1658 4712 hic
1685 4648 1820 4711 noster
1847 4630 1974 4712 codex
2001 4631 2238 4740 originarius

433 4760 599 4839 sixtinae
626 4756 952 4864 Congregationis
978 4755 1107 4836 foetus
1134 4753 1347 4834 iudicetur.
1377 4756 1427 4833 Et
1451 4755 1483 4832 l.
1504 4755 1689 4862 superius
1715 4755 1792 4832 ianr
1819 4754 2043 4850 innuimus,
2068 4755 2238 4834 sixtinos

433 4900 676 4963 correctores
698 4897 894 4988 perpetuo
918 4879 1130 4960 contulisse
1150 4876 1326 4958 codicem
1351 4877 1572 4983 gothicum,
1594 4877 1648 4956 ita
1669 4894 1715 4955 ut
1737 4901 1891 4983 semper
1912 4874 2086 4955 eiusdem
2107 4876 2239 4957 lectio·

434 5031 523 5104 nes,
545 5004 683 5085 ceteris
710 5003 892 5111 paribus,
911 5003 1123 5110 amplexati
1145 5002 1243 5099 sint,
1264 5002 1320 5108 (a)
1339 4998 1381 5079 id
1401 4998 1513 5108 quod
1536 5027 1558 5080 e
1583 5017 1716 5081 nostra
1741 5000 1952 5081 collatione
1976 5001 2236 5107 conspicuum

536 5293 575 5356 (t)
593 5288 721 5344 Auctoris
737 5285 827 5345 nonri
840 5285 977 5344 sententia
994 5284 1030 5345 de
1046 5284 1141 5344 codice
1156 5284 1296 5342 caraiiano
1332 5287 1404 5340 esset
1423 5283 1617 5342 emendottoui
1634 5299 1786 5342 rumorum
1799 5281 1960 5342 arcturum
1975 5281 2124 5356 Vuiootue
2140 5281 2201 5340 etii·

431 5395 508 5438 nunc
533 5391 566 5436 ex
590 5377 682 5435 lacero
705 5377 789 5436 veteri
813 5377 896 5434 titulo
921 5374 1046 5434 eiusdem
1073 5375 1193 5445 codicis,
1213 5389 1297 5448 quem
1334 5375 1429 5430 tionis.
1448 5371 1546 5441 (Confi
1560 5372 1704 5432 Analecta
1719 5375 1792 5430 iuris
1807 5374 1968 5446 pontificii,
1982 5373 2103 5442 Romae,
2121 5374 2198 5428 1855.

430 5465 586 5540 Ungrrsilii
608 5465 783 5539 diligentiam
803 5465 938 5538 effugisse
960 5466 1112 5535 miramur,
1130 5462 1296 5522 luculentis·
1332 5477 1361 5536 p.
1383 5466 1479 5529 isti.)
1497 5463 1575 5534 Quae
1592 5478 1660 5522 saue
1680 5462 1826 5534 inscriptio
1844 5477 1957 5520 ornnem
1976 5459 2139 5534 ambigendi
2157 5459 2198 5518 ia·

429 5555 501 5613 simo
520 5563 686 5628 argomento
706 5554 897 5612 confirmatur.
918 5555 989 5611 Nam
1009 5554 1124 5626 antiqua
1145 5567 1247 5610 manus
1265 5550 1296 5608 in
1332 5551 1465 5608 culmum
1485 5550 1593 5610 adimit.

429 5645 490 5719 ipso
508 5646 599 5720 prisco
621 5642 687 5702 iibri
707 5651 867 5716 tegumento
890 5643 1036 5716 perspicuo
1056 5642 1222 5715 scripserat:
1242 5642 1298 5698 Hic
1437 5644 1477 5710 (t)
1494 5637 1657 5699 tbiicisnda
1677 5655 1708 5698 ea
1730 5653 1807 5709 essa,
1825 5654 1896 5714 quae
1915 5637 1951 5696 tic
1970 5635 2065 5695 codice
2087 5637 2199 5710 gothico

429 5735 522 5791 codsa
538 5733 680 5791 exoratus
697 5736 741 5789 est
756 5747 845 5789 mono
860 5727 953 5788 Laelii
970 5729 1074 5800 timi,
1091 5729 1159 5788 dein
1173 5731 1296 5790 Antonii
1331 5737 1428 5787 auctor
1447 5737 1541 5788 noster
1559 5727 1663 5803 proiert
1683 5736 1715 5784 nt
1733 5726 1816 5784 iiinm
1835 5725 1945 5784 sixtinis
1964 5725 2027 5784 usui
2049 5721 2135 5784 fuisse
2151 5722 2200 5781 ds·

430 5819 537 5892 Apeiiit
554 5823 681 5894 episcopi
698 5835 847 5879 aceruus.
864 5820 935 5879 cium
952 5825 1019 5879 Em.
1039 5819 1155 5892 corpo
1172 5833 1238 5878 cum
1255 5821 1297 5876 oi·
1332 5826 1483 5889 monsuet,
1500 5820 1569 5878 satis
1586 5825 1663 5892 petet
1679 5832 1712 5876 cx
1735 5815 1769 5876 iis
1785 5831 1857 5892 quae
1873 5831 1957 5890 supra
1976 5813 2198 5890 praenotavimus

430 5911 473 5965 ris
492 5909 667 5969 doctissimis
685 5927 705 5969 u
722 5912 807 5969 Sixto
826 5913 863 5968 V.
879 5913 964 5970 Post.
981 5915 1064 5968 Mau.
1082 5909 1197 5980 eiectis,
1212 5923 1300 5984 proe-
1336 5924 1399 5984 pag.
1419 5910 1522 5966 xxvi.
