4746 6676
482 498 528 568 tt
1149 488 1322 565 ussusssts
1348 488 1441 561 CAP.
1465 488 1575 561 lleV.

531 643 618 716 lbid.
643 640 739 712 siclos
764 639 904 711 duus-
919 637 1029 724 Quum
1055 637 1259 738 exploratum
1286 637 1331 711 sit
1406 639 1489 725 tt,
1505 641 1550 726 Ν,
1574 640 1602 710 Ν
1623 641 1645 686 ³*
1666 641 1700 712 2.
1726 665 1789 726 m.,
1812 639 1855 728 Ο,
1879 638 1925 726 Q,
1949 637 1988 725 Τ,
2008 633 2251 711 Correotorium

481 757 619 830 uerbum
640 771 719 857 upa
741 753 900 827 denotare
920 752 1094 824 dimidium
1114 752 1248 836 siclum
1264 751 1332 824 tta-
1407 753 1542 826 sorbon.
1563 780 1583 825 a
1604 753 1686 827 Rob.
1708 754 1877 854 Stephano
1898 753 2087 835 laudatum,
2107 748 2251 822 alterum

483 873 577 943 riana
603 868 777 968 profitetur
801 895 837 940 se
861 894 928 940 non
954 867 1068 940 ridere
1093 893 1153 939 cur
1170 865 1330 962 Vulgatus
1407 867 1597 940 Parisiense
1622 867 1713 966 apud
1739 867 1810 940 llic.
1830 868 1974 952 Simon,
1998 864 2086 937 Itibl.
2107 861 2251 942 Ordin,

482 1000 583 1082 ponat
596 983 692 1056 siclos
706 982 798 1054 duos.
812 982 1038 1054 Martianacus
1054 980 1248 1080 suspicatus
1265 980 1332 1051 sue
1406 978 1520 1075 Hugo,
1541 979 1624 1054 llob.
1641 981 1801 1079 Stephani
1822 982 1952 1079 priores
1973 979 2072 1065 edd,
2092 994 2126 1050 et
2145 973 2255 1048 lsido·

484 1113 535 1171 rat
552 1096 730 1193 legendum
747 1096 939 1178 semiciclos,
957 1095 1034 1166 item
1050 1092 1244 1179 ldalvenda,
1260 1090 1332 1165 Cul-
1408 1120 1465 1166 rus
1495 1093 1648 1180 Clarius;
1676 1092 1781 1192 idque
1808 1093 1925 1194 probat
1951 1094 2058 1166 Lucas
2085 1091 2252 1186 Bmgens.

482 1227 611 1295 metus,
637 1208 787 1296 Clarius,
817 1209 954 1305 aliique.
979 1207 1183 1292 vallarsius,
1212 1204 1332 1279 collato
1408 1208 1466 1306 qui
1493 1208 1628 1280 scribit:
1648 1207 1776 1294 «Quod
1802 1208 1925 1281 dicitur
1949 1207 2076 1303 peperit
2099 1203 2251 1286 Nectar,

483 1323 620 1396 Hieron.
643 1323 678 1393 in
699 1320 828 1411 Erech.
853 1323 945 1406 XLV,
969 1324 1043 1407 12,
1066 1320 1188 1392 asserit
1212 1318 1331 1391 siclum
1409 1321 1697 1418 »intelligendum
1729 1338 1780 1394 est
1804 1323 1871 1418 ipsi
1893 1320 2049 1403 Nccbor,
2077 1321 2126 1391 uti
2150 1319 2253 1390 etiam

485 1437 590 1509 luisse
616 1435 884 1521 semiuncialem,
908 1452 1008 1533 atque
1031 1435 1165 1506 stetisse
1189 1449 1333 1530 quatuor
1411 1435 1565 1524 ababa,
1591 1434 1703 1509 chald.
1728 1453 1761 1509 et
1786 1461 1905 1533 graeca
1930 1459 2089 1534 expresse
2113 1433 2251 1505 babent.

486 1549 675 1635 drachmis;
699 1549 802 1646 idque
821 1548 1045 1620 Martianaeus
1068 1573 1203 1645 quoque
1227 1547 1331 1618 adno-
1410 1579 1428 1620 ι
1444 1549 1625 1635 Quietem
1641 1549 1677 1620 id
1692 1549 1804 1648 paullo
1819 1548 1995 1622 obscurius
2011 1565 2098 1632 erat,
2114 1545 2256 1645 quidam

487 1681 613 1737 laverat
630 1663 673 1734 ad
692 1663 816 1735 calcem
838 1663 891 1734 sui
908 1663 1088 1735 voluminis
1110 1662 1145 1733 in
1161 1661 1332 1732 Aduena.-
1411 1664 1488 1736 nad
1509 1664 1600 1738 hunc
1620 1663 1756 1736 modum
1780 1680 1950 1736 mutarunt
1970 1665 2096 1761 peperit
2121 1687 2166 1733 em
2184 1659 2257 1734 Ne·

487 1794 520 1850 at
550 1778 718 1875 quomodo
746 1778 780 1848 id
811 1777 1041 1875 quaestionem
1071 1775 1198 1850 solvere
1227 1775 1335 1872 possit
1412 1809 1429 1847 ι
1446 1779 1537 1851 ebor:
1552 1779 1691 1877 quidam
1710 1779 1776 1851 hoc
1791 1779 1891 1852 modo
1907 1777 2070 1853 vitiarunt
2083 1778 2214 1874 peperit
2230 1775 2261 1844 ei

487 1917 552 1964 non
569 1891 685 1976 video;
702 1892 768 1962 nisi
787 1907 997 1989 supponatur
1014 1893 1130 1987 (prout
1144 1888 1334 1962 asseruisse
1411 1893 1586 1966 »Nccloc
1603 1923 1621 1962 ι
1636 1894 1762 1992 Nempe
1787 1892 1903 1988 legunt
1920 1919 1963 1966 ee·
1982 1891 2115 1964 Nccltor
2134 1888 2258 1963 oodl)

484 2004 616 2076 videtur
633 2003 858 2101 Hieronymus
875 2003 908 2072 in
928 2001 1061 2088 Quaest.
1079 2003 1167 2073 bobr.
1181 2003 1215 2072 in
1236 2001 1269 2071 t.
1284 2001 1330 2094 l.)
1408 2023 1441 2080 at
1460 2007 1642 2106 Rupertus3
1658 2009 1690 2080 ei
1708 2006 1841 2081 Nocbur
1864 2006 2008 2078 cudd.A
2030 2007 2064 2076 1.
2081 2029 2144 2088 m.,
2163 2001 2204 2087 C,
2220 2002 2256 2087 F,

482 2137 562 2226 up:
579 2144 654 2192 esse
672 2117 942 2202 semiuncialemr
959 2115 1050 2214 quod
1069 2115 1132 2188 riri
1151 2114 1240 2188 docti
1261 2140 1334 2213 per·
1409 2119 1448 2206 G,
1465 2137 1497 2193 et
1516 2121 1561 2193 ita
1578 2121 1788 2218 scripserunt
1803 2120 2003 2217 gregoriani.
2018 2117 2257 2192 Difficultaten

485 2247 620 2330 negant.
642 2230 816 2302 Cornelius
842 2257 863 2301 a
888 2230 1033 2327 lapide,
1053 2255 1133 2301 cum
1159 2228 1329 2313 lansenio,
1409 2234 1476 2306 alia
1498 2235 1625 2306 ratione
1646 2233 1857 2306 declinarunt
1877 2237 1989 2306 Brunu
2006 2249 2071 2304 ast.
2088 2248 2122 2304 et
2141 2235 2259 2304 Petrus

485 2346 746 2445 oensetduplex
771 2346 876 2419 luisse
901 2344 1058 2417 siclorum
1085 2369 1209 2441 genus,
1233 2361 1333 2440 atque
1409 2347 1502 2420 Com.
1520 2348 1668 2444 legentes
1687 2349 1753 2447 filit
1765 2346 1898 2421 Nucltor
1912 2363 1943 2419 et
1958 2346 2116 2419 Melobue.
2135 2347 2185 2416 Ex
2204 2345 2258 2418 bis

486 2463 571 2536 duos
598 2461 698 2534 siclos
723 2459 869 2533 minores
895 2485 1061 2558 aequasse
1085 2485 1188 2531 unum
1214 2457 1332 2530 siclum

485 2577 657 2648 maiorem.
679 2573 716 2645 ld
736 2601 814 2647 vero
839 2575 922 2646 satis
949 2571 1116 2672 probabili
1141 2571 1333 2645 testimonio

485 2688 706 2761 demonstrari
722 2687 849 2785 nequit.
865 2689 932 2760 Nos
947 2685 1245 2760 animadvertimus
1259 2685 1334 2757 Hie·

487 2827 682 2901 ronymum,
703 2817 801 2900 prout
827 2801 968 2898 ipsemet
992 2814 1133 2872 testatur
1158 2799 1182 2870 l.
1204 2825 1250 2884 c.,
1275 2825 1334 2896 pro

485 2935 579 3024 upa,
593 2916 682 3014 apud
699 2940 836 3012 graecos
852 2913 977 3010 legisse
991 2897 1223 3012 dtdpetgptir,
1237 2929 1336 3010 pmut

487 3030 598 3102 adbuc
624 3029 746 3125 legitur
771 3029 805 3100 in
831 3027 1001 3100 nonnullis
1026 3026 1124 3100 codd.
1153 3024 1336 3099 holmesia·

486 3145 561 3216 nis:
587 3167 686 3243 porro
714 3169 818 3242 quum
844 3142 930 3214 alias
955 3167 1057 3240 saepe
1082 3141 1193 3238 graeci
1218 3165 1335 3214 rocem

487 3253 567 3364 δρψ
587 3239 962 3356 reddantdt'dpetxpcr
985 3256 1095 3354 (quod
1116 3254 1272 3353 equidem
1294 3255 1336 3326 de

489 3372 660 3445 drachmis
682 3371 928 3459 alexandrinis,
949 3396 1016 3442 non
1039 3371 1082 3442 de
1103 3369 1213 3443 atticis
1239 3368 1337 3442 intel-

489 3485 547 3581 ligi
570 3485 706 3580 debet),
723 3486 865 3560 lortasse
882 3485 962 3557 lrinc
979 3484 1036 3557 ille
1053 3483 1262 3557 occasionem
1281 3481 1339 3553 ha·

488 3599 561 3672 buit
582 3598 725 3696 ponendi
745 3600 841 3672 siclos
866 3598 958 3670 duos.
975 3598 1016 3670 Αι
1035 3597 1070 3668 in
1096 3611 1194 3668 tanta·
1213 3594 1334 3668 obscu-

489 3713 585 3786 ritate
606 3713 754 3786 nitenti
775 3713 953 3785 adfirmare
973 3737 1166 3810 possumus

537 3829 596 3902 23.
617 3830 652 3898 in
673 3826 955 3902 domo—codol
977 3829 1075 3900 lam.
1092 3828 1127 3897 iu
1149 3825 1290 3898 domum.

538 3940 626 4012 lbid.
646 3941 691 4014 od
715 3941 966 4013 manendum-
981 3938 1068 4012 bibl.
1092 3939 1198 4036 bugd.
1225 3941 1332 4010 1522.

491 4055 535 4126 ud
554 4055 829 4128 manducandum.

539 4172 597 4242 24.
618 4171 709 4243 Filia
729 4198 801 4244 sum
824 4168 1163 4245 Bulbuclis-Codd.
1181 4168 1221 4254 Α,
1238 4168 1276 4256 C,
1291 4168 1334 4254 D,

491 4284 532 4367 E,
553 4284 589 4371 F,
606 4283 645 4370 G,
667 4285 710 4370 Η,
726 4284 769 4370 Ο,
790 4285 833 4372 ll,
853 4286 889 4370 S,
905 4284 943 4370 T,
959 4282 1045 4355 llibl.
1062 4281 1199 4368 Ordin,
1220 4282 1334 4376 llugo,

489 4398 585 4470 Brev.
608 4396 706 4471 Goth.
728 4397 752 4469 l.
774 4423 821 4483 c.,
844 4395 1020 4481 Rabanus',
1046 4394 1224 4466 Guibertus
1249 4393 1339 4466 Filio

492 4511 662 4592 Butltuelis
678 4539 767 4596 sura,
784 4512 873 4584 idem
893 4509 1069 4583 verborum
1087 4510 1168 4584 ordo
1187 4509 1221 4581 in
1238 4508 1336 4582 hebr.

494 4643 525 4698 et
544 4652 673 4722 graeco.
691 4626 742 4699 Cl.
759 4627 845 4700 inlra
866 4626 909 4698 ad
930 4625 1026 4711 XXV,
1043 4626 1102 4696 20.

542 4739 630 4813 lbid.
652 4741 717 4839 filii
735 4741 896 4823 dlelcltoe,
920 4766 1013 4838 quern
1033 4740 1160 4836 pepecit
1184 4739 1251 4836 ipsi
1268 4737 1341 4812 Na-

495 4855 761 4942 clror-SixtuS,
777 4855 876 4928 codd.
893 4854 936 4941 R,
952 4854 992 4941 S,
1012 4853 1098 4925 bibl.
1115 4853 1195 4924 Ven.
1213 4854 1338 4938 tlte,

1410 2461 1501 2560 patet
1518 2488 1585 2534 non
1606 2464 1743 2535 omnino
1766 2462 1902 2547 lalsam,
1919 2477 1953 2533 ut
1971 2461 2054 2534 sutis
2076 2459 2261 2533 insolenter

1409 2593 1604 2674 conceptam
1624 2601 1700 2648 esse
1718 2591 1830 2648 nomm
1848 2575 1972 2646 editam
1992 2575 2027 2643 in
2042 2572 2129 2644 Bibl.
2147 2573 2256 2644 Paris.

1410 2693 1518 2764 1837.
1535 2690 1593 2762 ubi
1618 2690 1757 2786 legitur:
1776 2688 1900 2762 nlstud
1921 2713 2105 2787 pronomen
2128 2690 2198 2784 r-'psi
2217 2686 2258 2759 ad

1412 2803 1698 2900 »intelligentiam
1727 2820 1836 2876 textus
1862 2829 1882 2876 a
1907 2802 2028 2874 scribis
2049 2801 2259 2874 interiectum

1412 2949 1429 2987 ιι
1450 2934 1518 3002 est,
1535 2934 1572 2991 ut
1591 2918 1677 2988 infra
1694 2943 1728 2989 r.
1748 2917 1822 3002 Π,
1839 2941 1899 2988 nec
1919 2915 2043 2987 habent
2057 2931 2138 2988 vett.
2155 2941 2257 3002 mss,

1413 3032 1507 3106 »sed
1540 3058 1620 3130 prae
1653 3030 1898 3104 consuetudine
1930 3029 2099 3103 noluimus
2131 3053 2261 3129 expun-

1414 3175 1431 3214 n
1447 3171 1538 3243 gere.
1550 3175 1567 3214 ι
1580 3145 1784 3218 Hodiernum
1801 3143 1891 3217 enirn
1907 3143 2083 3216 lectionem
2096 3142 2259 3214 debemus

1412 3262 1541 3345 Toleto,
1562 3260 1622 3358 qui
1642 3257 1906 3358 primoquidem
1928 3258 2125 3356 scripserat:
2145 3259 2261 3354 alege

1414 3403 1432 3444 ιι
1448 3377 1513 3474 {ilii
1531 3373 1693 3458 Metalce,
1710 3399 1804 3470 quem
1819 3375 1947 3470 peperit
1965 3371 2110 3446 Nucltor.
2128 3373 2179 3443 lta
2200 3371 2262 3443 ba·

1414 3488 1529 3560 »henr
1549 3486 1662 3574 hebr,
1683 3512 1822 3583 graecus
1844 3501 1877 3558 et
1902 3488 1960 3556 tu.
1984 3511 2068 3558 mss.
2091 3486 2262 3584 lmpressa

1413 3626 1525 3674 urero
1544 3601 1632 3675 utin
1648 3616 1739 3672 textu
1762 3604 1842 3694 (seu
1861 3598 1897 3670 in
1912 3599 1967 3672 ed.
1984 3599 2065 3671 Sixti
2082 3599 2120 3670 V.
2131 3601 2160 3694 ).
2177 3599 2263 3673 Con·

1413 3713 1598 3810 »gregatio'
1619 3713 1793 3810 (sixtina)
1823 3713 1967 3810 priorem
1989 3712 2166 3784 lectionem
2192 3713 2262 3786 ele·

1414 3858 1431 3899 ι
1448 3828 1514 3923 git:
1535 3826 1597 3900 sod
1619 3825 1707 3900 idem
1727 3851 1848 3898 sensus
1869 3842 1932 3898 est.
1949 3825 2079 3898 lleleba
2096 3825 2188 3898 enim
2208 3827 2261 3899 di·

1415 3975 1432 4016 u
1449 3943 1535 4016 citur
1557 3942 1730 4041 peperisse
1750 3942 1817 4038 ipsi
1834 3939 1982 4023 Nuobor,
2001 3940 2036 4010 id
2058 3957 2111 4012 est
2129 3967 2173 4012 erc
2192 3940 2264 4014 Nu·

1417 4058 1537 4130 eebor.
1559 4057 1665 4153 Igitur
1688 4055 1753 4129 hoc
1774 4056 1890 4129 eodem
1912 4055 2021 4153 capite
2043 4054 2155 4154 paullo
2178 4056 2264 4127 inle-

1416 4203 1434 4244 n
1451 4173 1520 4246 rius
1542 4176 1591 4267 (v.
1611 4173 1691 4265 Η.)
1712 4169 1834 4266 legitur
1852 4184 1889 4242 ut
1907 4169 1942 4240 in
1960 4183 2051 4250 textu
2071 4169 2171 4266 (Sinti
2184 4170 2259 4264 V.),

1417 4303 1516 4360 utam
1542 4285 1578 4357 in
1598 4284 1695 4358 hebr.
1711 4300 1744 4357 et
1768 4309 1905 4380 graeco,
1925 4309 2028 4382 quam
2050 4285 2084 4356 in
2106 4284 2263 4357 omnibus

1416 4401 1549 4475 soodd.
1575 4400 1710 4485 latinis,
1735 4400 1817 4498 quia
1841 4398 1930 4472 idom
1956 4415 2009 4473 est
2037 4424 2173 4472 sensus.
2188 4429 2206 4468 ι
2222 4399 2264 4470 At

1415 4516 1493 4589 dein
1519 4515 1608 4587 idem
1634 4514 1785 4599 Toletus,
1815 4529 1899 4586 teste
1923 4513 2052 4610 Angelo
2076 4515 2185 4586 lloeou
2211 4516 2265 4606 (ιίι

1414 4632 1499 4702 uotis
1519 4654 1581 4700 ms.
1597 4626 1642 4700 od
1662 4627 1713 4699 ed.
1730 4629 1864 4718 Sinti),
1880 4626 1923 4698 ad
1950 4625 2132 4700 tollendam
2157 4625 2266 4698 ambi-

1416 4742 1515 4841 gendi
1538 4741 1745 4828 facultatem,
1768 4759 1838 4814 tum
1858 4767 1898 4814 ex
1923 4742 2074 4838 margine
2093 4741 2179 4812 Bibl.
2204 4739 2268 4815 Or-

1415 4857 1504 4944 din.,
1525 4871 1594 4928 tum
1620 4881 1660 4928 ex
1680 4855 1826 4928 laudatis
1851 4854 1959 4928 Lucas
1978 4856 2141 4951 Brugens.
2163 4853 2268 4928 Notu-

493 4969 595 5066 llsg.,
620 4969 763 5054 lovan,
788 4968 943 5067 aliaeque
969 4966 1081 5064 plures
1107 4965 1207 5053 edd,
1233 4965 1341 5038 Raba—
1418 4969 1574 5053 tionibus,
1597 4969 1768 5066 praeclare
1788 4994 1970 5066 pronomen
1996 4971 2077 5066 ipsi,
2098 4985 2268 5042 annuente

494 5110 574 5170 nus,
592 5083 787 5170 Guibertus,
804 5083 899 5156 Brea.
913 5083 1010 5156 Goth.
1022 5081 1048 5154 l.
1062 5108 1092 5154 c.
1108 5083 1174 5180 filii
1189 5081 1337 5165 Nucbor,
1416 5083 1585 5158 Clemente
1604 5083 1706 5168 Vlll.,
1731 5083 1765 5153 in
1785 5097 1909 5154 textum
1933 5080 2058 5154 intulit.
2080 5080 2133 5153 cf.
2158 5081 2267 5154 llocoa

493 5227 587 5297 quem
608 5202 736 5298 peperit
759 5201 790 5270 ei
811 5198 971 5283 Melcbu,
985 5214 1084 5297 prout
1109 5197 1230 5294 legitur
1254 5198 1341 5270 insra
1417 5199 1445 5284 l,
1463 5200 1562 5284 291„
1578 5195 1721 5270 Bulent.
1739 5222 1774 5293 p.
1792 5199 1826 5268 b.

492 5340 580 5389 vers.
601 5317 658 5387 l'l.
679 5313 784 5410 (conl.
801 5340 905 5413 supra
927 5341 961 5387 r.
978 5315 1037 5386 lb.
1055 5328 1088 5388 et
1102 5313 1159 5398 lll,
1178 5315 1236 5384 27.
1255 5313 1338 5407 29.)
1467 5313 1525 5382 25.
1549 5312 1711 5408 spatiosus
1727 5351 1769 5365 -
1784 5308 1870 5382 uibt.
1895 5309 2000 5405 ling,
2026 5310 2178 5394 lovan,
2206 5309 2265 5381 all.

493 5431 590 5503 Hanc
617 5431 726 5529 ipsam
750 5428 925 5502 lectionem
947 5427 1070 5500 codll
1093 5424 1264 5500 modernis
1286 5451 1343 5500 co·
1418 5426 1545 5500 addunt
1566 5441 1630 5509 est,-
1645 5425 1710 5500 boc
1730 5423 2018 5510 autem'verbum,
2036 5423 2270 5496 consentienti-

494 5543 628 5617 dioibus
650 5543 783 5628 tribuit,
803 5557 903 5641 atque
926 5554 1065 5614 testatur
1085 5555 1214 5614 veteres
1237 5539 1342 5614 libros
1418 5539 1482 5612 bus
1507 5538 1755 5638 antiquioribus
1781 5536 1897 5624 codd,
1918 5535 2003 5609 Bibl.
2026 5536 2168 5623 Ordin,
2190 5537 2265 5622 all,

494 5657 603 5754 legere
623 5658 689 5756 filii
705 5656 866 5748 Molcbuo,
888 5681 982 5753 quem
997 5657 1124 5753 peperit
1145 5653 1292 5738 Nestor,
1310 5669 1343 5728 et
1418 5669 1649 5752 expunxerunt
1669 5652 1800 5737 sixtini,
1817 5649 1943 5751 quibus
1965 5649 2085 5749 reliqui
2106 5666 2272 5726 comesto-

495 5771 540 5843 ita
565 5771 680 5868 legunt
704 5770 836 5858 sixtini,
861 5767 960 5844 codd.
984 5768 1012 5841 A
1039 5768 1222 5858 2.n.‚1‹:,
1246 5769 1294 5857 Η,
1318 5768 1343 5842 1.
1420 5794 1473 5844 res
1493 5768 1732 5846 adhaeserunt.
