4796 6680
828 520 1071 599 hPPthTUS
1097 521 1286 600 blatteus
1798 523 1967 597 LXXXIII

161 674 310 754 »Luca
335 671 565 780 Brugensis,
586 673 660 781 qni
687 673 855 782 amplius
882 691 1025 782 quater
1050 674 1155 755 mille
1180 674 1268 755 loca
1287 675 1368 781 (1),
1390 671 1496 778 quie
1519 688 1608 780 post
1629 671 1842 752 Clementis
1860 677 1958 753 VIII.

159 789 535 902 »recognitionem
564 795 845 877 emendati0ne
879 794 1127 904 indigerent,
1158 816 1229 878 aut
1255 797 1548 894 correxit,-·aut
1576 797 1693 876 bonIs
1719 799 1965 904 argumentis

158 910 187 996 a
199 917 434 1028 corrigenda
450 917 665 1002 indicarit-t
686 916 731 1001 ‘et
753 921 880 1004 Gardt
891 915 1174 1020 bellarminus,
1197 925 1268 1031 qui
1293 923 1396 1004 datis
1419 921 1584 1002 adeum
1611 922 1756 1016 literis,
1776 921 1893 1029 plura
1919 923 1967 1000 iis

159 1042 332 1124 »adhuc
349 1068 570 1152 superesse·
586 1047 627 1123 in
655 1047 796 1126 melius
819 1046 1029 1141 mutanda,
1050 1048 1083 1126 si
1106 1049 1139 1126 is
1164 1065 1264 1128 esset
1282 1048 1456 1141 animus,
1479 1048 1652 1151 ingenue
1670 1045 1870 1152 professus
1889 1063 1959 1124 est.

159 1201 179 1242 s
198 1167 264 1247 Tu
290 1183 446 1250 nostros
468 1157 638 1250 conatus
663 1169 838 1252 eiusdem
865 1172 1067 1250 aestimato
1091 1197 1173 1252 esse
1196 1172 1316 1250 animi
1341 1197 1386 1250 ac
1408 1169 1645 1248 voluntatis:
1672 1196 1718 1247 aa
1744 1171 1778 1247 si
1806 1167 1964 1248 demum

159 1322 180 1364 a
199 1281 300 1370 tanti
326 1308 438 1390 suut,
465 1316 569 1400 quae
596 1295 860 1402 propommus
886 1292 1157 1393 emendanda,
1184 1295 1245 1374 his
1272 1294 1464 1389 adcense,
1490 1321 1595 1400 quae
1621 1307 1770 1370 tantam
1798 1321 1819 1370 a
1847 1310 1887 1372 te
1913 1321 1962 1372 ex

160 1445 179 1488 a
200 1414 368 1496 aliorum
396 1433 557 1524 accepta
577 1415 714 1498 studio
731 1419 898 1522 gratiam
915 1419 1107 1497 inierunt.
1130 1451 1148 1492 a
1172 1419 1375 1498 Hactenus
1394 1418 1475 1497 ille.
1503 1417 1613 1496 Aliae
1638 1414 1804 1494 mendae
1822 1416 1863 1493 in
1881 1416 1965 1494 lau-

156 1534 247 1616 data
267 1536 506 1616 clementina
529 1534 707 1618 editione
724 1539 856 1618 velab
873 1541 925 1619 iis
946 1539 1135 1620 admIssae
1158 1540 1338 1638 fuerunt,
1360 1542 1429 1649 qui
1453 1541 1780 1647 typographicam
1803 1566 1965 1646 operam

155 1661 370 1757 curabant3
391 1662 453 1740 rel
482 1689 504 1742 a
532 1663 709 1742 romanis
736 1663 838 1770 ipsis·
858 1663 1090 1743 censoribus
1117 1665 1276 1743 nonnisi
1305 1682 1396 1772 post
1422 1664 1642 1770 evulgatam
1669 1663 1890 1771 principem
1919 1663 1965 1741 il·

155 1786 232 1864 lam
249 1783 465 1866 editionem
483 1784 715 1866 emendatae
733 1804 842 1866 arnt.
864 1785 1034 1866 Alterius
1051 1806 1183 1866 autem
1202 1788 1322 1867 huius
1340 1789 1498 1893 generis
1514 1786 1609 1865 vitia
1627 1813 1729 1893 quae
1747 1804 1853 1866 certa
1871 1801 1964 1865 sunt

153 1935 206 1987 ex
233 1909 474 1991 authenticis
499 1907 748 1989 documentis
775 1927 971 2018 perpetuo
999 1912 1249 2018 castigamus.
1278 1911 1378 1990 Nam
1407 1909 1508 1989 duas
1533 1911 1629 1988 alias
1655 1909 1853 1989 vaticanae
1879 1907 1964 1988 edi-

154 2031 304 2126 tiones,
326 2057 431 2138 quae
457 2049 653 2139 sequutae
680 2050 792 2129 sunt,
818 2059 929 2112 anno
958 2035 1071 2142 ¹593·
1098 2050 1139 2114 et
1171 2035 1309 2140 1598„
1334 2063 1425 2114 cum
1453 2035 1579 2141 priori
1605 2033 1672 2112 illa
1698 2032 1959 2130 contulimus;

155 2155 441 2234 correctorium
461 2181 626 2262 quoque
649 2181 725 2262 pro
752 2157 883 2236 tribus
910 2156 1125 2265 praedictis
1153 2156 1394 2237 editionibus
1416 2157 1673 2251 adornatum,
1696 2155 1747 2235 de
1769 2183 1853 2263 quo
1881 2157 1963 2235 Un-

155 2277 343 2384 garellius
361 2281 398 2379 S.
419 2277 590 2374 XXIV„
612 2279 907 2379 consuluimus;
933 2282 1108 2388 itemque
1134 2277 1242 2362 aliud
1266 2283 1549 2360 correctorium
1577 2281 1627 2358 ab
1654 2280 1807 2384 Angclo
1833 2283 1964 2360 Rocca

155 2401 446 2508 comcdpturn,
471 2399 523 2481 de
550 2429 635 2508 quo
662 2429 783 2510 supra
809 2431 903 2510 pag.
930 2405 1073 2482 LXIX.
1100 2420 1195 2484 nota
1222 2407 1262 2499 [ι.
1287 2406 1359 2483 llis
1386 2402 1637 2509 adiungimus
1664 2403 1740 2481 alia
1768 2403 1965 2510 quaedam

16 2579 17 2608 i
155 2541 293 2633 aperta
312 2526 554 2634 typographi
582 2526 693 2623 vitia,
714 2529 777 2607 rel
801 2553 824 2606 a
847 2527 1122 2635 Bakcntopio,
1146 2529 1210 2607 rel
1235 2557 1258 2607 a
1284 2529 1461 2623 nemine,
1489 2524 1601 2634 quod
1625 2527 1812 2621 sciamus,
1834 2526 1965 2608 adhuc

155 2647 365 2728 adnotata:
392 2648 463 2727 ubi
488 2649 593 2726 enim
616 2649 789 2757 aliquod
812 2668 1010 2745 maumas,
1036 2651 1092 2728 ait
1114 2651 1293 2731 Clemens
1315 2651 1356 2728 in
1383 2649 1523 2730 litteris
1551 2674 1651 2755 quas
1677 2674 1772 2727 suae
1799 2647 1964 2728 editioni

154 2771 377 2878 praemisit,
401 2769 513 2878 qued
537 2771 849 2880 typographicae
876 2775 1059 2852 incuriae
1086 2774 1302 2876 manifeste
1328 2772 1632 2852 adscribendum
1658 2773 1734 2866 sit,
1764 2771 1965 2852 emendari

156 2895 291 2976 debet.
322 2897 482 2976 Praeter
508 2896 626 2991 haec,
657 2922 763 3004 quae
790 2914 896 2977 certa
924 2898 1028 2977 illius
1057 2896 1244 2978 editionis
1271 2897 1363 2976 vitia
1390 2894 1584 2989 diximus,
1613 2895 1685 2974 alia
1715 2913 1827 2990 sunt,
1859 2923 1965 3003 quae

155 3017 278 3100 dubia
296 3018 503 3118 ridentur,
524 3043 710 3128 quaeque
733 3020 794 3100 vel
817 3021 869 3101 ab
892 3021 977 3100 aliis
999 3021 1115 3116 olim,
1137 3019 1199 3102 vel
1225 3019 1386 3099 anobis
1408 3019 1581 3123 primurn
1604 3019 1809 3098 observata
1835 3019 1958 3099 luere.

154 3141 380 3223 Dubitandi
406 3144 582 3227 rationes
602 3145 685 3226 suis
705 3143 803 3224 locis
825 3163 1124 3254 proponentem
1148 3146 1386 3253 utquisque
1411 3141 1453 3222 id
1475 3143 1685 3251 sequatur,
1706 3141 1817 3250 quod
1841 3144 1962 3249 magis

155 3266 365 3347 vennmile
391 3265 644 3362 iudicaverit,
668 3265 800 3348 donec
827 3270 941 3349 aliter
967 3297 989 3349 a
1017 3271 1188 3378 legitIma
1215 3270 1449 3352 auctoritate
1465 3266 1683 3347 delinitum
1709 3267 1841 3346 fuerit.

937 3444 1099 3519 CAPUT
1131 3445 1177 3516 II.

698 3599 928 3682 Bibliorum
954 3599 1105 3679 codices
1134 3597 1415 3704 manuscripti.

259 3763 428 3848 Codices
454 3766 623 3847 biblicos
648 3771 759 3875 (quo
780 3767 942 3850 nomine
965 3769 1203 3848 correctoria
1226 3793 1391 3875 quoque
1413 3766 1560 3847 biblica
1586 3793 1676 3847 mss.
1698 3769 1889 3872 ueniunt)
1912 3793 1960 3849 ex

154 3891 304 3998 quibus
330 3887 546 3970 lectionum
568 3891 775 3972 varietates
798 3892 1021 3986 hausimus,
1043 3891 1351 3998 compendiariis
1371 3891 1477 3972 notis
1497 3917 1544 3970 ac
1567 3891 1836 3996 singularibus
1858 3893 1961 3974 litte·

152 4017 207 4094 ris
229 4015 313 4095 sere
335 4011 639 4122 designavimus.
666 4016 819 4096 Harum
845 4014 980 4124 itaque
1001 4016 1079 4099 vim
1102 4017 1180 4096 hoc
1201 4017 1330 4124 eapite
1354 4014 1571 4122 explicare,
1593 4015 1781 4123 ipsosque
1804 4015 1962 4097 codices

151 4135 375 4218 describere
403 4153 577 4244 oportet.
604 4139 723 4217 Pauci
745 4135 908 4246 quidem
931 4138 973 4217 hi
995 4153 1108 4234 sunt,
1131 4165 1205 4219 nec
1228 4165 1367 4219 omncs
1387 4137 1541 4218 inediti.
1570 4139 1625 4218 At
1647 4139 1828 4246 profecto
1853 4139 1960 4220 baud

150 4261 195 4340 in
223 4261 286 4340 his
314 4258 459 4340 desunt
482 4262 557 4368 qui
584 4261 831 4370 antiquitatis
858 4261 976 4344 laude
1002 4279 1222 4371 praestant,
1243 4263 1304 4342 vel
1333 4264 1404 4370 qui
1432 4263 1536 4342 inter
1563 4263 1876 4344 accuratissImos
1897 4290 1961 4344 oe-

150 4384 377 4466 lebrantur.
402 4381 530 4466 Nobis
556 4411 654 4466 vero
680 4387 803 4492 magis
830 4386 942 4467 cordi
969 4388 1043 4467 luit
1069 4413 1220 4495 paucos
1248 4385 1420 4492 deligere
1446 4385 1622 4484 codices,
1650 4387 1723 4495 qui
1750 4385 1801 4467 ad
1829 4385 1960 4495 dispa-

150 4509 244 4589 riles
271 4509 480 4618 variasque
507 4525 655 4590 aetates
682 4525 720 4590 et
747 4510 972 4620 provincias
999 4511 1270 4618 pertinerent,
1300 4508 1559 4618 diversasque
1582 4511 1743 4618 Vulgati
1770 4511 1960 4618 periodos

149 4649 274 4741 atque
304 4632 468 4711 familias
501 4650 868 4741 repraesentarent,
898 4663 1020 4744 quam
1049 4633 1230 4714 codicum
1261 4661 1469 4714 numerum
1500 4633 1754 4743 amplificare.
1791 4633 1959 4715 Maxime

149 4783 245 4836 vero
274 4757 511 4864 investigare
538 4755 762 4841 studuimus
790 4785 986 4866 quosnam
1012 4756 1170 4837 codices
1190 4758 1345 4836 romani
1372 4785 1553 4838 censores
1580 4759 1893 4855 consuluissent,
1915 4775 1960 4839 ut

146 4897 397 4988 peraetamm
423 4879 747 4962 emendationum
770 4909 874 4991 quos
898 4883 1093 4962 haberent
1119 4880 1422 4989 adstipulatores
1444 4881 1713 4963 demonstrare
1736 4910 1955 4991 possemus.

146 5003 241 5105 Qua
265 5005 308 5082 in
328 5031 371 5084 re
395 5005 776 5112 pervestigationum
800 5023 1023 5088 nostrarum
1046 5004 1198 5085 fructus
1222 5031 1383 5088 emnem
1410 5033 1519 5113 spem
1546 5007 1663 5102 vicit;
1687 5033 1799 5100 nam,
1823 5008 1855 5086 si
1874 5035 1958 5088 non

145 5153 307 5220 omnes,
329 5141 437 5206 certe
459 5127 675 5234 plerosque
698 5143 768 5208 aut
792 5129 873 5209 lere
895 5156 1032 5209 omnes
1054 5155 1158 5236 quos
1182 5127 1531 5211 illi'adhibuerunt
1548 5145 1668 5211 testes
1692 5129 1959 5238 deprehendi·

144 5277 258 5346 mus,
280 5248 490 5358 oculisque
514 5251 662 5330 nostris
683 5239 976 5358 vestigasimus,
999 5252 1058 5331 uti
1080 5279 1130 5330 ex
1153 5251 1402 5332 subiicienda
1427 5254 1594 5332 elencho
1617 5255 1831 5334 constabit.

261 5399 296 5451 r.
323 5370 423 5454 Cod.
447 5375 497 5451 A.
524 5375 609 5453 Hac
627 5374 756 5455 littera
776 5373 1027 5480 designamus
1044 5368 1174 5456 Biblia
1194 5376 1412 5472 Amiatina,
1434 5402 1504 5457 seu
1528 5377 1825 5458 celeberrimum
1848 5377 1958 5459 codi-

16 5507 17 5514 '
143 5524 234 5578 cern
258 5495 354 5576 olim
377 5499 605 5578 monasterii
631 5499 778 5578 montis
801 5500 977 5578 Amiatac
1002 5500 1044 5578 in
1072 5499 1248 5596 Etruria,
1271 5527 1379 5579 nunc
1401 5498 1666 5580 bibliothecae
1688 5502 1957 5582 laurentianae

256 5729 482 5800 (obrepentem
504 5728 626 5803 ampIIus
646 5737 768 5802 quatuor
789 5727 866 5788 mille
887 5729 948 5787 loca
966 5731 1016 5788 ad·
1088 5729 1184 5787 GIaIrc
1204 5731 1234 5786 in
1252 5729 1453 5788 Introduction
1472 5731 1492 5786 ὰ
1512 5722 1625 5790 I'Ecrtt.
1645 5749 1670 5790 s.
1690 5737 1759 5789 hm.
1782 5737 1806 5788 t.
1822 5736 1954 5804 aaut,

143 5817 205 5872 buc
227 5813 402 5872 emendanda
421 5816 599 5890 proposuisse
616 5817 732 5874 tradunt
751 5831 864 5891 quoque
885 5816 935 5873 alii
956 5816 1019 5890 plu·
1091 5816 1140 5874 sed
1159 5816 1305 5886 mendosa
1323 5831 1388 5875 usn
1405 5817 1590 5880 mucellouss
1608 5837 1625 5878 a
1641 5820 1779 5894 burgensi
1799 5820 1956 5893 propositas

16 5977 17 5989 ἵ
143 5919 214 5972 res,
236 5903 400 5977 intorques
420 5904 563 5964 Calmmus
586 5905 617 5963 In
640 5906 756 5964 dissert.
778 5905 816 5964 de
839 5905 969 5979 Vulgata
991 5913 1019 5962 et
1090 5908 1133 5962 ur
1149 5906 1318 5978 quingentae
1335 5916 1529 5966 numerantur.

1740 6008 1760 6050 a
