4750 6694
472 465 532 540 cli
1148 463 1391 542 tristatus
1417 466 1605 543 tristitiis
1635 471 1636 475 ’

475 651 494 694 s
516 619 717 727 potissima
745 616 966 714 habentur,
989 643 1159 697 numero
1187 620 1391 724 sexaginta
1413 620 1636 700 Lovanium
1661 617 1949 726 comportanda
1976 619 2216 716 curaverim,
2237 638 2274 699 et

475 741 791 822 »eruditissimis
818 740 1065 847 theologicae
1092 738 1327 848 disciplinae
1347 742 1441 823 viris
1465 743 1567 822 ultra
1594 743 1755 848 triginta
1779 739 1944 845 legenda
1971 757 2011 820 et
2037 741 2274 824 conferenda

474 865 892 965 »commendaverim
920 864 1238 973 praesidentibus
1265 867 1301 945 ei
1331 867 1495 972 negotio
1518 865 1829 973 inquisitoribus
1855 865 2006 945 etaliis
2028 865 2133 945 illius
2161 865 2275 947 disci·

473 1023 494 1066 1
515 992 648 1098 plinae
674 991 944 1098 antesignanis
971 1007 1092 1098 atque
1114 990 1307 1070 librorum
1332 992 1448 1072 etiam
1472 990 1679 1070 declaratis
1700 989 1954 1091 censoribus;
1980 1018 2153 1097 quorum
2178 991 2275 1071 alios

474 1149 493 1188 s
515 1115 678 1221 quidem
702 1143 776 1221 ego
802 1115 1018 1194 catholicae
1040 1115 1220 1221 pietatis,
1246 1131 1285 1194 et
1308 1143 1495 1194 romanae
1518 1115 1704 1195 ecclesiae
1728 1116 1949 1194 communis
1967 1115 2099 1194 matris
2117 1143 2272 1210 caussa,

474 1256 659 1345 »sponte
686 1254 893 1318 currentes
923 1267 1005 1316 non
1033 1267 1125 1318 raro
1154 1241 1386 1319 muneribus
1413 1239 1612 1319 litterariis
1637 1266 1686 1317 ex
1711 1265 1795 1318 mea
1819 1239 1978 1318 ollioina
2006 1239 2151 1338 missis3
2178 1240 2276 1318 alios

475 1395 496 1438 s
517 1389 635 1458 vero,
658 1391 761 1470 quos
789 1364 1045 1470 pauperiores
1072 1391 1157 1442 esse
1184 1363 1489 1470 cognoscebam,
1511 1363 1720 1471 pecuniola
1748 1362 1954 1442 commoda
1978 1361 2029 1442 ad
2052 1361 2199 1442 laboris
2225 1361 2276 1442 fe

473 1517 493 1562 1
514 1486 629 1566 rendi
649 1487 866 1567 subsidium
887 1487 1139 1594 suppeditata
1158 1487 1375 1569 identidem
1396 1488 1623 1568 incitabam.
1644 1484 1822 1566 Tandem
1842 1513 1937 1567 vero
1955 1487 2187 1566 continuata
2206 1515 2276 1594 per

474 1627 644 1690 »totum
672 1611 752 1690 fere
785 1612 999 1691 triennium
1028 1628 1067 1690 et
1095 1613 1309 1692 coniuncta
1343 1613 1558 1691 multorum
1591 1638 1714 1718 opera
1741 1627 1781 1689 et
1808 1609 2045 1705 sedulitate,
2075 1612 2276 1718 exemplar

473 1735 691 1814 »constitit
719 1737 898 1814 omnium
924 1735 1005 1814 fere
1033 1736 1274 1841 belgicorum
1303 1737 1637 1843 exemplariorum
1668 1736 1792 1814 instar
1820 1735 1989 1830 habens,
2011 1735 2275 1844 quippequod

472 1891 491 1932 s
514 1859 642 1938 varias
669 1887 806 1938 omues
833 1860 1022 1939 lectiones
1042 1877 1082 1938 et
1104 1857 1427 1967 dispunctiones,
1452 1887 1557 1965 quae
1580 1861 1746 1939 alicuius
1769 1861 1955 1939 momenti
1980 1887 2062 1945 esse
2085 1887 2200 1967 posse
2223 1863 2276 1937 vi·

473 2015 490 2056 a
513 1982 735 2080 debentur,
757 1985 1002 2063 continebat.
1025 1983 1147 2083 Quod
1170 1982 1331 2090 quidem
1356 2010 1430 2090 ego
1452 1985 1544 2064 meis
1568 1984 1689 2090 prelis
1710 1983 1926 2092 aptandum
1953 1983 2275 2092 exprimendum-

473 2139 491 2180 »
514 2136 594 2215 que
618 2110 774 2203 curavi,
802 2125 847 2187 ut
866 2108 1063 2187 sanctitati
1085 2124 1238 2188 vestrae
1256 2108 1306 2188 ad
1327 2135 1395 2188 eos
1414 2135 1518 2215 quos
1536 2108 1704 2215 exposui
1724 2106 2041 2186 doctissimorum
2063 2108 2125 2186 isti
2143 2135 2277 2186 sacrae

471 2267 489 2306 s
512 2233 790 2340 expurgationi
819 2232 1100 2339 deputatorum
1130 2259 1225 2311 usus
1249 2234 1441 2312 mitterem
1468 2231 1748 2340 offerremque.
1770 2291 1778 2309 .
1801 2290 1810 2309 .
1832 2293 1840 2310 .
1863 2231 1985 2332 Quod
2011 2233 2042 2310 si
2066 2231 2116 2312 ad
2138 2232 2274 2327 istam,

471 2384 615 2464 aquae
642 2359 790 2436 Romae
816 2357 957 2466 Bibliis
986 2355 1243 2437 emendandis
1272 2355 1509 2453 adhibetur,
1541 2356 1784 2461 diligentiam
1813 2356 1941 2462 posita
1970 2355 2010 2433 in
2040 2356 2117 2434 hoc
2144 2381 2278 2434 exem·

472 2513 490 2554 t>
512 2481 613 2588 plari
632 2509 654 2560 a
674 2481 791 2560 nobis
810 2481 1006 2561 industria
1033 2482 1181 2590 aliquid
1210 2483 1387 2561 utilitatis
1411 2481 1606 2581 attulerit;
1629 2478 1790 2560 abunde
1815 2481 1984 2558 multum
2010 2479 2131 2587 precii
2154 2506 2278 2586 opere

471 2633 489 2676 s
511 2604 599 2710 ipso
623 2603 931 2682 christianorum
952 2633 1027 2683 usu
1049 2606 1145 2684 mihi
1167 2606 1393 2686 absolutum
1411 2605 1582 2713 putabo:
1605 2631 1842 2711 semperque
1861 2602 2058 2699 conabor,
2081 2620 2125 2682 ut
2143 2630 2277 2710 quan·

470 2744 595 2806 »turn
622 2728 706 2835 ipse
734 2728 939 2824 facultate,
966 2756 1043 2836 ope
1065 2745 1104 2807 et
1127 2757 1251 2837 opera
1274 2730 1465 2838 consequi
1486 2731 1656 2825 valeam,
1679 2745 1807 2807 totum
1832 2729 1871 2806 in
1896 2725 2004 2807 istud
2030 2755 2183 2806 sacrum
2212 2755 2279 2833 ga·

469 2852 786 2958 azophylaoium
820 2852 1034 2931 conferam.
1062 2855 1211 2933 »Haec
1238 2853 1398 2960 quidem
1431 2871 1534 2934 recte
1566 2852 1821 2959 modesteque
1853 2852 1989 2931 scribit
2023 2852 2274 2948 Plautinius,

465 2975 529 3054 cui
558 2975 640 3054 fere
667 2976 843 3054 concinit
871 2976 1115 3070 Hentenius,
1141 2978 1213 3084 qui
1241 2981 1283 3057 in
1311 2978 1558 3085 praefatione
1585 2976 1636 3057 ad
1658 2976 1787 3056 Biblia
1808 2976 1907 3055 Lov.
1936 2979 2049 3081 1547.
2076 2975 2279 3082 professus

464 3116 583 3178 estse
602 3099 644 3177 in
664 3099 934 3205 expurgandis
954 3099 1116 3206 Vulgati
1140 3102 1437 3209 exemplaribus
1461 3103 1606 3181 latinos
1630 3118 1748 3180 testes
1770 3099 1956 3197 adivisse,
1979 3099 2095 3206 quia,
2116 3100 2276 3205 inquit,

468 3249 593 3302 «non
622 3239 802 3301 nostrum
832 3222 927 3316 fuit,
954 3225 1072 3302 immo
1101 3251 1173 3303 nec
1201 3225 1363 3333 expedit
1390 3224 1441 3305 ad
1468 3251 1629 3333 graecos
1653 3243 1723 3304 aut
1752 3225 1947 3304 hebraeos
1970 3220 2127 3302 codices
2154 3223 2278 3302 semel

470 3378 488 3419 n
511 3346 576 3424 illa
603 3346 805 3449 castigare.
831 3344 952 3444 Quod
972 3347 1002 3424 si
1024 3346 1102 3424 alio
1124 3349 1269 3454 quovis
1292 3348 1412 3428 modo
1436 3349 1648 3430 videantur
1671 3346 1925 3455 corrigenda,
1949 3344 1989 3424 id
2014 3346 2148 3454 potius
2172 3345 2281 3426 foret

469 3469 651 3549 »summi
680 3469 903 3567 Pontificis,
935 3487 1005 3548 aut
1032 3474 1274 3552 oecumenici
1302 3473 1461 3553 concilii
1488 3475 1722 3553 auctoritate
1750 3470 2106 3566 tentandumycui
2135 3499 2281 3578 parere

467 3627 488 3668 »
510 3621 647 3672 omnes
673 3610 879 3690 tenentur,
906 3622 1027 3701 quam
1053 3597 1232 3703 privatae
1259 3597 1426 3676 alieuius
1453 3624 1668 3708 personae,
1695 3612 1765 3676 aut
1792 3596 1911 3675 unius
1935 3579 2109 3678 ebirt'svis
2136 3594 2280 3677 acade-

469 3750 488 3790 s
509 3718 623 3797 miae.
646 3751 666 3793 a
688 3719 740 3794 At
763 3745 858 3797 vero
883 3717 1072 3798 audacter
1095 3720 1230 3816 nimis,
1255 3737 1390 3800 nostra
1417 3719 1579 3828 quidem
1603 3721 1819 3815 sententia,
1845 3720 2071 3827 loquuntur
2090 3721 2277 3828 'theologi

463 3839 713 3920 lovanienses
739 3857 823 3918 tum
848 3842 890 3919 in
917 3842 1056 3921 litteris
1079 3842 1130 3922 ad
1152 3871 1348 3922 summum
1373 3827 1623 3940 Pontificem,
1650 3873 1750 3954 quas
1773 3844 2021 3925 recitavimus
2042 3857 2156 3922 num.
2181 3848 2277 3939 55..

462 3981 549 4042 tum
577 3965 620 4042 in
647 3964 814 4072 praefat.
843 3964 894 4044 ad
922 3966 1026 4045 hanc
1054 3967 1178 4074 ipsam
1206 3966 1422 4048 editionem
1452 3972 1649 4079 Antuerp.
1682 3971 1796 4076 1574.
1826 3969 1897 4048 ubi
1926 3969 2022 4048 haec
2049 3967 2278 4048 habentur:

467 4121 486 4165 1
511 4087 649 4168 Visum
674 4089 749 4169 fuit
772 4090 947 4170 facultati
968 4107 1126 4171 nostrae
1146 4093 1415 4200 theologicae,
1437 4096 1545 4174 omni
1571 4113 1715 4174 conatu
1736 4109 1775 4173 et
1797 4092 1929 4173 studio
1955 4094 1995 4171 in
2019 4092 2098 4170 hoo
2120 4093 2281 4172 incum-

466 4243 485 4287 1
509 4213 707 4312 bendum,
733 4231 778 4294 ut
800 4233 914 4295 vetus
937 4233 977 4295 et
1001 4217 1158 4324 vulgata
1180 4217 1399 4298 Bibliorum
1421 4219 1544 4300 latina
1565 4219 1688 4300 editio
1709 4224 1854 4327 (quam
1877 4233 2123 4298 sacrosancta
2146 4215 2282 4322 Syno-

466 4337 583 4418 »dus
610 4337 852 4436 tridentina,
882 4341 924 4420 in
953 4341 1123 4448 publicis
1144 4343 1414 4438 lectionibus,
1444 4343 1807 4452 disputationibus,
1839 4340 2206 4452 praedicationibus
2236 4363 2280 4424 et

466 4495 485 4537 1
508 4465 826 4573 expositionibus
845 4459 1359 4579 authenticamliab'endam
1385 4467 1624 4572 declaravit)
1647 4467 1936 4548 accuratissime
1957 4468 2232 4574 castigaretur.
2259 4503 2278 4542 s

462 4588 518 4691 (1)
545 4589 616 4668 His
643 4588 746 4670 adde
774 4619 818 4670 ea
846 4618 951 4698 quae
970 4591 1098 4672 Lucas
1122 4591 1334 4698 Brugensis
1360 4579 1517 4700 scripsit
1539 4591 1591 4671 ad
1612 4591 1798 4672 Sirletum
1817 4617 1924 4670 anno
1954 4593 2069 4698 1579.
2094 4587 2281 4670 «Statuit

466 4743 484 4784 n
507 4712 746 4817 (tridentina
775 4715 975 4821 synodus)
1000 4733 1046 4795 ut
1073 4717 1172 4796 haec
1194 4717 1277 4825 ipsa
1305 4733 1420 4795 vetus
1442 4731 1482 4795 et
1502 4715 1658 4819 vulgata
1685 4712 1807 4794 editio
1835 4713 2279 4822 quamemendatissime

465 4837 778 4944 »imprimatur3
805 4837 1011 4919 emendate
1035 4857 1166 4920 autem
1192 4841 1365 4948 imprimi
1390 4836 1500 4918 haud
1522 4865 1640 4946 posse
1659 4837 1838 4937 videtur,
1860 4837 1956 4936 nisi,
1980 4837 2133 4918 collatis
2154 4841 2280 4918 variis

465 4961 610 5041 »illius
634 4963 948 5070 exemplaribus,
974 4964 1117 5044 menda
1141 4964 1387 5073 deprehensa
1411 4964 1686 5060 eliminentur,
1711 4965 1863 5043 sincera
1883 4963 2004 5042 lectio
2026 4961 2275 5042 admittatur.

465 5121 484 5160 >2
505 5087 596 5186 Qua
627 5087 669 5164 in
700 5113 765 5184 re,
799 5105 842 5166 ut
870 5085 1022 5193 Synodi
1053 5085 1251 5169 desiderio
1281 5087 1520 5169 satisfaceret
1551 5088 1774 5194 theologica
1807 5086 1973 5167 facultas
2002 5103 2041 5166 et
2072 5087 2280 5168 Hentenio

462 5243 484 5284 a
506 5212 621 5306 olim,
647 5228 686 5290 et
713 5227 805 5319 post
832 5213 1055 5292 nobishoc
1083 5214 1216 5322 operis
1243 5210 1518 5311 demandavit;
1539 5271 1549 5290 .
1569 5271 1581 5290 .
1601 5271 1611 5290 .
1629 5229 1675 5291 ut
1702 5240 1804 5320 pura
1831 5228 1928 5320 puta
1958 5210 2095 5291 haberi
2123 5213 2275 5320 possit,

464 5369 483 5411 n
505 5363 627 5443 quam
645 5332 811 5443 Synodo
833 5337 963 5416 visum
982 5353 1042 5446 est
1061 5337 1352 5446 praescribere,
1379 5351 1491 5418 vetus
1513 5335 1650 5417 editio.
1672 5371 1691 5413 n
1714 5339 1819 5417 Hinc
1843 5354 1956 5417 ortus
1976 5335 2136 5416 videtur
2159 5364 2280 5417 error

566 5589 603 5654 (t)
621 5583 820 5642 Animadverte
832 5583 908 5641 haud
920 5583 974 5641 sihi
988 5583 1147 5644 1111111111
1158 5585 1333 5646 iorruieuses
1403 5585 1458 5645 sibi
1477 5587 1628 5646 cohaerent
1642 5587 1710 5645 dum
1726 5601 1803 5644 auno
1823 5591 1902 5644 1547.
1921 5601 1938 5645 a
1957 5583 2134 5644 matanatis
2150 5586 2279 5658 origina-

458 5673 527 5734 dum
545 5673 687 5750 duplicem
707 5675 900 5749 diversamque
919 5673 1087 5745 1111ῑὶ11111,
1104 5677 1211 5756 regiam
1230 5692 1332 5752 nempe
1402 5675 1478 5734 libus
1489 5675 1611 5736 textibus
1622 5675 1739 5734 omniuo
1753 5673 1952 5734 abstinendum
1963 5673 2187 5743 arbitraturum
2199 5690 2281 5734 auno

459 5771 542 5836 atque
556 5764 756 5822 hantenianam
774 5779 863 5838 aeque
879 5763 1099 5838 comprobarunt
1116 5773 1258 5838 tamquam
1275 5765 1332 5823 edi·
1404 5771 1500 5822 111111
1516 5771 1594 5822 1574.
1608 5763 1681 5822 hanc
1692 5763 1781 5835 ipsam
1797 5761 1976 5821 collationem
1994 5761 2197 5822 instituendam
2211 5778 2280 5820 cen·

453 5849 626 5910 1111111111
651 5861 774 5911 mentem
798 5851 916 5912 concilii
942 5860 1092 5926 peractam.
1119 5843 1228 5928 Neque*
1243 5853 1332 5929 magis
1403 5861 1529 5914 suerunt.
