4804 6692
464 530 487 602 L
1218 527 1533 604 ruottuousus'

466 696 623 787 »gatae
650 679 837 759 editionis
864 708 884 758 a
913 681 1023 760 Sixto
1052 680 1102 758 V.
1135 709 1265 788 nuper
1296 679 1525 776 emendata,
1557 681 1697 761 iterum
1730 695 2096 786 recognoscuntur,
2127 693 2171 760 ut
2197 689 2275 786 po·'

466 822 649 884 astrema
677 830 818 884 manus
845 805 940 883 huic
967 803 1255 900 emendationi,
1282 806 1395 884 iuxta
1422 821 1715 884 sacrosanctum
1743 805 1953 886 concilium
1983 803 2268 895 tridentinum,

466 927 666 1008 »tandem
694 928 912 1036 aliquando
940 930 1185 1037 imponatur.
1213 930 1291 1008 Pro
1313 929 1386 1009 hac
1405 956 1449 1007 re
1466 927 1703 1035 praestanda
1732 927 1836 1008 idem
1861 929 2082 1033 Gregorius
2109 927 2272 1010 sanctis·

467 1083 486 1126 ι)
508 1053 629 1130 simus
652 1053 703 1128 D.
723 1051 774 1128 N.
792 1051 1145 1157 Congregationem
1168 1050 1367 1130 illustriss.
1390 1050 1661 1132 Cardinalinm
1681 1052 1853 1132 instituit
1875 1053 1916 1130 in
1937 1048 2105 1132 aedibus
2122 1049 2268 1132 lllustr.

467 1207 486 1250 c
509 1177 559 1253 D.
581 1173 806 1256 Cardinalis
824 1174 1043 1255 Columnae
1062 1176 1241 1254 senioris.
1268 1172 1498 1254 Cardinales
1519 1175 1639 1254 huius
1658 1177 1984 1281 Congregatiouis
2002 1191 2097 1254 suut
2115 1174 2177 1268 hi,
2200 1173 2272 1280 qui

467 1332 486 1374 ι
507 1299 611 1379 iufra
630 1300 836 1404 leguntur:
860 1297 978 1378 Card.
1001 1300 1158 1379 Marcus
1177 1299 1378 1378 Antonius
1395 1301 1589 1379 Columna
1608 1301 1761 1394 senior,
1783 1298 1905 1379 Card.
1918 1298 1969 1379 de
1987 1298 2148 1380 Verona
2169 1298 2273 1401 (Au-

467 1425 689 1530 ngustinus
716 1423 921 1528 Valiero),
949 1421 1068 1502 Card.
1091 1421 1142 1501 de
1164 1425 1343 1515 Ruvere,
1369 1422 1487 1502 Card.
1510 1421 1560 1501 de
1584 1423 1784 1518 Sarbane,
1810 1423 1927 1503 eard.
1952 1423 2124 1515 Alanus,
2147 1419 2267 1504 Card.

467 1549 703 1629 »Columna
731 1548 884 1643 iunior,
906 1545 1026 1626 Card.
1048 1545 1309 1627 Borromaeus
1338 1545 1617 1652 (Federicus):
1643 1549 1890 1626 consultores
1918 1564 2047 1626 autem
2076 1559 2169 1626 sunt
2198 1545 2267 1636 hi,

468 1670 692 1752 »videlicet
719 1670 930 1778 episcopus
957 1670 1250 1775 senogalliensis
1278 1669 1371 1748 olim
1398 1670 1519 1776 episc.
1545 1672 1762 1749 venusinus
1786 1673 1950 1776 (Petrus
1968 1668 2118 1752 Ridolfi
2134 1696 2156 1748 e
2173 1667 2271 1748 Tos-

468 1795 720 1903 »signano),
747 1823 789 1902 p.
812 1795 995 1900 magister
1022 1793 1121 1873 sacri
1149 1793 1285 1901 palatii
1314 1794 1520 1901 apostolici
1549 1794 1876 1874 Bartholomaeus.
1900 1792 2102 1888 Miranda,
2129 1820 2171 1900 p.
2195 1795 2273 1872 An·

467 1949 487 1994 a
509 1916 624 1997 dreas
643 1917 830 1997 Salvener
850 1917 987 1996 Abbas
1005 1933 1162 1995 sanctae
1182 1917 1389 2012 Praxedis,
1407 1946 1449 2025 p.
1466 1917 1699 1998 Franciscns
1716 1918 1885 1997 Toletus·
1898 1935 1979 1998 soc.
1999 1918 2107 2012 lesu,
2130 1944 2173 2023 p.
2190 1915 2276 1998 Bel·

467 2041 700 2120 slarminus
730 2067 811 2119 soc.
847 2041 969 2135 lesu,
1007 2068 1050 2146 p.
1082 2040 1285 2119 Antonius
1315 2039 1366 2119 de
1398 2057 1535 2120 sancto
1565 2040 1752 2120 Silvestro
1787 2041 1997 2148 (Agellius
2032 2041 2272 2142 teatinus),

469 2163 550 2243 sd.
574 2165 772 2244 Henricus
788 2165 960 2243 Gravius
987 2163 1245 2257 lovaniensis,
1266 2162 1307 2243 d.
1331 2163 1487 2244 Laelius
1512 2164 1674 2244 Laudus
1698 2191 1930 2260 suessanus,
1952 2164 2093 2244 doctor
2113 2162 2275 2244 Valver-

468 2320 488 2362 a
510 2285 600 2367 dius
626 2287 840 2394 hispanus,
864 2285 906 2365 d.
929 2290 1067 2388 Petrus
1089 2287 1269 2366 Moribus
1291 2286 1437 2395 gallus,
1464 2288 1587 2367 frater
1616 2289 1792 2395 Angelus
1816 2291 1947 2368 Rocca
1973 2287 2277 2394 augustinianus

469 2445 488 2486 s
510 2409 717 2490 consultor
734 2426 775 2489 et
793 2411 1026 2490 secretarius
1050 2411 1382 2515 congregationis.
1407 2442 1424 2486 s
1447 2411 1566 2492 Aliud
1591 2414 1774 2519 sequitur
1796 2411 2059 2518 fragmentum
2080 2413 2276 2492 rationem·

466 2536 698 2634 continens,
726 2561 807 2642 qua
838 2562 961 2642 supra
988 2535 1193 2614 memorati
1219 2534 1293 2614 viri
1322 2561 1402 2614 una
1435 2535 1551 2616 simul
1578 2538 1794 2618 convenire
1820 2536 2017 2632 debeant,
2045 2562 2180 2645 quove
2212 2563 2277 2614 or-

466 2657 560 2739 dine
582 2687 646 2739 res
670 2656 898 2739 tractandae
924 2658 1021 2754 siut,
1042 2674 1081 2737 et
1103 2659 1201 2738 haec
1226 2657 1393 2740 fuerunt
1416 2660 1632 2740 constituta
1650 2677 1742 2767 post
1760 2659 1867 2740 diem
1891 2661 2097 2770 septimam
2115 2659 2277 2741 februa·

466 2783 515 2863 rii
542 2781 717 2864 eiusdem
735 2783 850 2879 anni;
874 2810 964 2862 nam
983 2782 1106 2888 ipsam
1127 2783 1315 2890 septimae
1341 2780 1419 2862 diei
1444 2784 1822 2889 Congregationem,
1844 2811 1947 2891 quae
1967 2784 2095 2890 prima
2113 2783 2190 2862 luit
2208 2785 2279 2864 ha·

464 2909 568 3005 bita,
586 2908 692 2990 nibil:
704 2906 941 2988 deliberasse
960 2906 1008 2984 ob
1026 2907 1157 2984 varias
1175 2907 1391 3016 opiniones
1409 2905 1556 2988 ibidem
1578 2914 1762 2986 notatum
1779 2910 1983 2988 iuvenitur
1997 2910 2067 3013 (1).
2084 2905 2278 3016 Sequitur

571 3162 609 3226 (t)
627 3163 704 3216 Inter
722 3155 842 3216 sabedas
860 3154 1019 3214 cardinatis
1041 3153 1166 3214 Foderici
1189 3157 1333 3214 Bonomei
1405 3155 1508 3216 scobat
1531 3155 1567 3214 ab
1593 3154 1724 3214 hebraico
1744 3163 1773 3213 et
1797 3154 1963 3226 chaldaico,
1983 3161 2012 3215 et
2036 3155 2185 3214 conmutat
2211 3171 2277 3214 cum

466 3263 538 3324 quae
558 3245 740 3305 adservantur
758 3245 789 3302 in
810 3243 1012 3302 mediolanensi
1031 3241 1201 3301 bibliotheca
1222 3244 1335 3301 ambro·

466 3339 545 3398 siena
566 3343 582 3404 (
588 3343 625 3395 H.
645 3343 691 3394 ⁷8.
709 3337 799 3408 parte
819 3331 932 3405 infir.)
956 3333 1157 3390 documentum
1182 3335 1336 3405 reperimus

465 3425 542 3501 quod
559 3425 595 3484 ab
613 3425 709 3498 aliquo
724 3438 757 3481 ex
774 3421 955 3496 gregorianae
973 3421 1205 3494 coumegationis
1224 3422 1338 3480 consui·

465 3514 575 3574 teribus
590 3521 732 3570 narsum
746 3519 799 3570 est.
819 3512 914 3583 Quum
930 3518 1023 3569 antem
1040 3525 1097 3568 uon
1116 3509 1254 3567 modicam
1270 3510 1337 3567 huic

466 3603 599 3662 historiae
616 3603 708 3660 lucem
727 3599 842 3669 aberat,
854 3614 954 3673 operae
975 3599 1096 3672 pretium
1115 3599 1245 3656 ducimus
1265 3597 1339 3658 illud

467 3693 606 3766 integrum
625 3689 800 3748 subnectere.
817 3710 829 3738 ι
844 3694 889 3745 Dc
908 3691 1024 3745 cottone
1041 3687 1169 3744 ineundo
1187 3690 1218 3744 in
1233 3687 1337 3744 Btbiiis

466 3779 657 3854 mrrtqcndts.
680 3776 752 3850 Quia
774 3775 931 3850 macutum
953 3783 997 3833 est
1018 3789 1055 3833 ne
1074 3775 1136 3832 siue
1158 3775 1219 3833 ulio
1241 3774 1335 3832 fructu

466 3867 516 3926 diu
540 3867 718 3939 multumque
745 3864 905 3922 laboremus
931 3863 961 3920 in
987 3861 1185 3921 emendatione
1210 3863 1338 3936 vulgatae

466 3955 601 4016 editionis
613 3969 757 4012 sacmrum
771 3951 926 4010 Biblionrm
937 3995 945 4022 ,
958 3951 1013 4009 nisi
1029 3951 1107 4023 prius
1122 3951 1152 4008 iu
1168 3951 1251 4008 certis
1264 3950 1338 4023 prin·

466 4045 548 4120 clpiis
567 4044 620 4104 boc
636 4051 679 4104 eat
696 4043 728 4102 in
745 4049 821 4100 certa
839 4041 934 4114 aliqua
955 4039 1064 4100 rabone
1083 4037 1251 4112 procedendi
1270 4055 1338 4100 con-

467 4135 625 4204 veniamus,
643 4148 743 4210 operae
762 4131 886 4205 precium
904 4147 949 4190 me
968 4130 1108 4188 factumn
1127 4129 1300 4198 existimavi,
1314 4130 1337 4187 si

467 4224 591 4299 primum
614 4237 795 4297 proponerem
818 4221 995 4294 quaestiones
1013 4235 1086 4292 quae
1107 4219 1181 4277 inter
1201 4235 1254 4277 nos
1278 4235 1339 4276 rer·

466 4319 581 4383 santur,
596 4319 625 4370 et
639 4327 671 4370 ex
690 4325 810 4385 quarum
828 4307 1064 4368 determinatione
1082 4309 1197 4382 regulae
1212 4307 1338 4366 forman·

467 4403 520 4463 dae
534 4409 642 4471 esseut3
655 4398 759 4458 denda
773 4399 869 4473 paucis
887 4412 1051 4472 exponerem
1068 4396 1249 4456 incommoda
1266 4412 1339 4472 quae

466 4498 631 4567 aequentur,
639 4490 695 4548 nisi
708 4490 883 4563 quaestiones
894 4487 1051 4560 illaeprius
1060 4485 1240 4544 absolvantur
1251 4501 1337 4560 φιιιιι

467 4579 673 4641 emendationis
692 4577 838 4651 negotium
859 4577 972 4650 longius
993 4573 1135 4650 procedat.
1158 4577 1231 4634 Sunt
1251 4575 1339 4648 igitur

468 4669 504 4730 de
522 4671 632 4730 ratione
650 4665 844 4727 emendandae
861 4666 988 4739 ulaine
1009 4665 1141 4726 editionis
1158 4665 1338 4738 quaestiones

351 4809 353 4812 .
467 4775 525 4820 sex.
548 4765 574 4816 t.
594 4757 749 4832 Quaestio,
772 4770 838 4814 cunr
861 4751 940 4822 nulla
960 4763 1002 4814 est
1023 4756 1054 4812 in
1076 4752 1220 4812 codicibus
1242 4753 1340 4812 latinis

468 4847 588 4922 vulgatis
606 4846 759 4904 lectionum
777 4843 1022 4914 rarissimarum
1040 4841 1223 4916 corrigendus
1241 4841 1279 4901 sit
1295 4841 1338 4900 la·

468 4938 546 4996 tinus
563 4935 665 5009 codex,
678 4938 703 4993 at
719 4933 867 4993 disentiat
884 4941 900 5006 a
918 4931 1064 4992 codicibus
1082 4932 1228 5002 hebraico,
1241 4933 1340 5006 graeco
1354 4963 1366 4983 ι

468 5033 498 5085 et
510 5024 654 5084 chaldaeo.
673 5031 700 5083 t.
715 5022 886 5103 Curu'nulla
896 5029 941 5104 est
956 5020 1087 5080 lectionis
1102 5021 1221 5080 sanans
1236 5022 1267 5080 iu
1283 5029 1341 5080 ter·

468 5114 544 5174 tibus
561 5114 698 5189 vulgatis,
715 5121 819 5194 utrum,
831 5111 1013 5186 corrigendus
1032 5111 1071 5170 sit
1087 5112 1194 5172 latinus
1213 5110 1299 5171 codex
1316 5113 1340 5170 si

469 5203 617 5265 dissentiat
628 5220 644 5262 a
656 5207 717 5264 scio
729 5203 859 5263 bebraico
869 5202 1062 5272 arebaldum,
1074 5210 1103 5261 et
1113 5201 1262 5260 conveniat
1273 5217 1338 5259 cnm

469 5309 579 5370 graeco.
592 5296 689 5370 tieque
705 5293 834 5354 addenda
852 5301 897 5354 est
910 5293 1038 5370 mando
1053 5309 1089 5352 an
1106 5291 1289 5366 corrigmdns
1302 5294 1342 5352 ait

468 5385 575 5444 latinus
589 5382 690 5454 cedes,
704 5385 730 5445 si
744 5383 891 5464 dissentiat
905 5399 922 5442 a
937 5381 998 5444 solo
1013 5397 1115 5458 graeco
1129 5383 1172 5442 vel
1189 5380 1340 5452 chaldaeo,

468 5482 497 5533 et
516 5471 666 5533 conveniat
683 5461 749 5530 cunr
771 5471 918 5541 bebraieo3
938 5488 1005 5532 nam
1022 5469 1054 5529 id
1074 5488 1136 5530 non
1153 5487 1214 5530 esse
1232 5471 1338 5528 beien-

468 5563 538 5624 dum
554 5571 633 5632 extra
647 5561 865 5622 controversiam
879 5571 930 5620 est.
944 5568 971 5620 s.
983 5563 1055 5620 cnm
1070 5570 1114 5619 est
1129 5562 1203 5620 varia
1216 5560 1299 5620 lectio
1309 5561 1341 5620 iu

468 5653 565 5714 bunia
579 5649 725 5724 coibcibaa
739 5650 875 5724 rugans,
888 5659 983 5710 utrum
1001 5649 1184 5725 corrigendus
1201 5651 1239 5708 sit
1255 5647 1342 5708 codes

469 5742 621 5816 impressus
633 5739 678 5810 ⁴ad
697 5739 905 5813 manuscripta,
924 5739 949 5798 si
968 5737 1116 5798 ducebat
1134 5737 1171 5798 ab
1191 5737 1338 5808 hebraico,

469 5829 766 5904 cbaldaccetgraeco.
780 5836 808 5888 4.
817 5831 888 5890 cum
901 5837 944 5888 est
957 5830 1075 5888 rancus
1089 5829 1232 5900 lectionis,
1243 5835 1338 5888 utrum

470 5917 508 5976 sit
520 5919 703 5993 corrigendus
715 5920 869 5994 impressus
882 5917 969 5978 codex
985 5915 1022 5978 ad
1038 5919 1230 5994 manuscripta
1244 5919 1268 5978 si
1285 5916 1340 5978 dis·

1408 3261 1517 3318 macco.
1539 3247 1635 3320 Neque
1656 3244 1784 3303 addenda
1806 3254 1848 3304 est
1866 3246 2013 3319 quaestio,
2034 3261 2069 3303 au
2093 3243 2278 3318 corrigendus

1408 3331 1445 3390 sit
1465 3332 1572 3392 latinus
1594 3332 1679 3390 codar
1701 3333 1735 3390 ad
1756 3333 1945 3406 manuscripta
1967 3335 1991 3391 si
2013 3333 2161 3391 dissentiat
2179 3350 2195 3392 a
2216 3332 2280 3392 solo

1410 3437 1524 3494 graec03
1537 3421 1566 3478 id
1584 3422 1661 3480 euim
1676 3437 1734 3480 non
1749 3437 1810 3481 esse
1827 3421 1988 3482 laciendum
2006 3423 2082 3482 inter
2098 3435 2197 3482 omncs
2213 3437 2281 3482 con·

1408 3512 1498 3582 venit,
1512 3528 1576 3570 cum
1591 3512 1702 3585 vulgata
1718 3513 1804 3570 latina
1821 3513 1908 3571 editio
1921 3529 1953 3570 ex
1969 3512 2100 3571 hebraico
2116 3512 2208 3582 lente,
2222 3527 2278 3572 non

1411 3616 1444 3658 cx
1466 3616 1564 3673 graeco
1586 3601 1756 3674 produxerit.
1776 3609 1804 3659 5.
1823 3603 1956 3676 Quaestio
1977 3609 2073 3660 utrum
2094 3603 2125 3659 in
2147 3604 2230 3661 tertia
2252 3613 2283 3660 et

1409 3697 1508 3761 quarta
1533 3689 1694 3763 quaestione
1715 3691 1754 3746 sit
1776 3689 1904 3748 habenda
1927 3689 1998 3748 ratio
2022 3692 2206 3765 manuscripti
2230 3707 2279 3748 co·

1408 3775 1499 3849 dicis,
1518 3775 1632 3850 quando
1652 3793 1729 3834 unus
1750 3783 1860 3834 nutum
1884 3785 1943 3846 est,
1965 3777 2032 3834 licet
2055 3777 2277 3851 antiquissimus.

1410 3872 1438 3924 6.
1456 3866 1591 3939 Quaestio
1611 3875 1707 3924 utrum
1731 3867 1760 3923 iu
1781 3865 1976 3925 emendatione
1996 3866 2125 3939 vulgatae
2146 3866 2280 3925 editionis

1410 3955 1446 4014 ad
1475 3957 1665 4030 manuscripta
1692 3956 1734 4013 vei
1758 3955 1795 4014 ad
1821 3955 1913 4014 sontes
1937 3956 2199 4030 praetermittendae
2223 3957 2281 4014 sint

1412 4043 1538 4104 nabutae
1558 4045 1720 4116 radentes,
1739 4061 1811 4119 quae
1830 4061 1945 4104 mosum
1968 4045 2207 4119 scriptoriasacri
2230 4062 2281 4104 ue·

1411 4151 1466 4208 que
1484 4143 1611 4206 mutam,
1626 4150 1717 4210 neque
1733 4135 1922 4196 obscuriorem
1937 4143 1987 4194 aut
2002 4134 2145 4195 duriorem
2159 4135 2280 4196 faciunt.

1411 4228 1484 4281 Istae
1503 4231 1571 4280 suut
1593 4224 1680 4297 igitur
1700 4226 1878 4296 quaestiones
1900 4223 1935 4281 da
1955 4239 2074 4296 quaram
2097 4222 2282 4297 explicatione

1410 4327 1468 4370 non
1486 4312 1616 4372 murenis
1632 4314 1709 4372 inter
1726 4327 1797 4384 nos,
1813 4328 1942 4388 quaeque
1961 4312 2170 4384 discutiendae,
2185 4321 2215 4370 et
2232 4311 2281 4370 da·

1410 4399 1603 4460 terminandae
1623 4410 1725 4462 essem.
1746 4404 1782 4462 Et
1798 4401 1851 4460 uisi
1869 4403 1899 4460 id
1915 4403 1969 4460 iias
1982 4403 2052 4462 baec
2067 4411 2222 4478 sequentur
2239 4403 2283 4462 in·

1408 4489 1565 4549 mmmoda.
1588 4493 1697 4548 1.Non
1720 4491 1822 4566 poterit
1845 4488 1924 4548 reddi
1947 4492 2018 4548 ratio
2042 4505 2094 4548 cur
2119 4491 2173 4548 boc
2197 4491 2283 4549 modo

1409 4581 1503 4653 potins
1519 4595 1603 4654 quam
1621 4579 1678 4637 ulio
1694 4595 1805 4638 sacrum
1821 4587 1926 4638 textum
1941 4578 2127 4651 ediderimus,
2141 4578 2197 4638 nisi
2215 4580 2283 4654 quin

1409 4669 1491 4728 nobis
1507 4671 1545 4728 ita
1565 4670 1682 4742 placuit.
1703 4671 1753 4730 Est
1768 4677 1861 4730 autem
1879 4669 1951 4728 ratio
1967 4667 2052 4727 vaide
2063 4667 2193 4736 infirma,
2210 4668 2285 4727 indi·

1411 4760 1486 4820 cium
1510 4775 1662 4834 paucorum
1687 4758 1834 4817 bominum
1855 4763 1885 4818 tn
1908 4774 1938 4816 re
1956 4756 2026 4816 tanti
2049 4758 2204 4828 monenti,
2225 4757 2283 4818 nisi

1411 4848 1500 4921 legem
1518 4864 1534 4904 a
1551 4847 1687 4921 superiori
1706 4847 1906 4923 praescriptam
1926 4846 2056 4905 babeant.
2076 4852 2104 4902 t.
2120 4847 2193 4916 Nos,
2211 4861 2283 4919 quo-

1412 4951 1475 4994 rum
1503 4935 1609 4994 iudicio
1632 4951 1677 4996 res
1701 4945 1760 4995 tota
1783 4937 1931 4994 commissa
1955 4935 2083 5004 ridetur,
2106 4951 2164 4995 non
2188 4936 2283 4994 solnm

1413 5026 1495 5103 pauci
1515 5041 1631 5096 sumus,
1650 5024 1700 5084 sed
1724 5025 1809 5084 etiam
1832 5027 1906 5084 iuter
1923 5041 1976 5084 uos
1998 5025 2115 5084 minime
2137 5027 2284 5086 consenti·

1412 5129 1492 5185 mus,
1507 5123 1535 5171 et
1552 5129 1634 5187 saepe
1651 5115 1820 5173 mutationes
1836 5116 1867 5171 iu
1884 5114 1984 5172 Bibliis
1998 5112 2041 5171 rel
2054 5115 2127 5192 liunt
2143 5114 2186 5173 vei
2199 5117 2284 5174 omit·

1410 5211 1511 5262 tantur
1533 5201 1675 5278 aliquibus
1695 5204 1929 5278 repugnantibus.
1952 5210 2048 5278 ltaque
2069 5204 2123 5263 boc
2142 5203 2282 5262 iudicium

1412 5309 1469 5352 uon
1485 5291 1568 5352 ruodo
1585 5308 1738 5366 muncrum
1755 5294 1903 5354 bominum
1918 5295 1987 5363 erit,
2000 5307 2096 5354 rerum
2112 5293 2197 5352 etiarn
2217 5309 2285 5366 pau·

1412 5399 1510 5444 corum
1527 5384 1602 5442 inter
1615 5399 1646 5442 se
1661 5382 1874 5453 dissidentium,
1889 5393 1918 5442 et
1936 5399 2056 5458 quorum
2074 5383 2173 5442 nubas
2189 5381 2285 5442 dicere

1411 5473 1516 5547 poterit
1528 5474 1755 5533 emendationem
1771 5489 1787 5530 a
1802 5472 1883 5531 nobis
1902 5473 2005 5531 lectam
2022 5489 2039 5531 a
2054 5488 2085 5532 se
2101 5473 2132 5530 in
2148 5473 2283 5532 omuibus

1413 5561 1535 5637 probari.
1555 5570 1581 5624 t.
1596 5562 1762 5624 Emendatio
1778 5576 1835 5620 uon
1852 5563 1906 5620 erit
1921 5571 2053 5622 constans
2070 5570 2098 5620 et
2113 5560 2283 5630 uniformis,

1412 5651 1462 5712 sed
1476 5651 1553 5728 quod
1566 5669 1624 5713 uuo
1640 5654 1670 5712 in
1687 5653 1748 5710 ioco
1767 5651 1938 5721 mutabitur,
1953 5649 1984 5709 id
1999 5651 2091 5726 ipsum
2106 5651 2137 5708 in
2151 5650 2209 5710 aiio
2226 5666 2283 5711 non

1412 5743 1582 5814 mutabitur,
1598 5751 1631 5799 ut
1645 5742 1700 5798 iam
1713 5741 1831 5815 experiri
1846 5740 1999 5816 coepimus.
2013 5746 2041 5798 t.
2052 5743 2122 5809 iios,
2135 5754 2209 5814 quae
2222 5739 2283 5798 bre·

1410 5833 1437 5890 vi
1456 5839 1580 5906 tempore
1600 5828 1724 5904 expediri
1743 5830 1894 5905 potuisset,
1915 5830 1946 5886 in
1966 5828 2083 5904 lengum
2104 5828 2285 5904 protrahente

1412 5935 1469 5978 noo
1488 5921 1550 5980 sine
1567 5916 1700 5978 scandalo
1719 5928 1748 5976 et
1767 5918 1900 5992 periculo.
1920 5917 2003 5976 Ratio
2023 5923 2117 5976 autem
2140 5915 2283 5976 tarditatis
