4748 6680
478 525 548 596 116
1166 515 1341 590 GENESIS
1367 516 1461 590 GAP.
1482 516 1566 589 xtl.

527 674 616 747 lbid.
637 669 1040 758 consimilem—Sirini,
1056 669 1155 743 codd.
1171 668 1212 756 A,
1231 669 1269 757 ll,
1286 669 1330 757 G,
1408 667 1486 743 edd.
1512 667 1607 747 addit
1630 667 1791 768 Aepypti5
1816 689 1921 766 quam
1947 687 2062 738 vocem
2088 664 2205 738 sintini
2229 682 2264 738 et

479 792 521 878 D,
538 792 578 877 E,
595 791 632 876 F,
649 789 696 875 ll,
712 789 750 875 Τ,
766 785 807 875 U,
822 783 861 873 V,
877 784 963 857 bibl.
980 782 1081 871 0rd.,
1098 785 1228 884 priores
1249 784 1328 862 edd.
1408 784 1596 882 gregoriani
1621 783 1665 856 ad
1697 775 1799 858 fldem
1828 779 2055 881 antiquiorum
2078 778 2179 854 codd.
2203 805 2264 852 ex·

480 905 562 982 ltob.
580 903 713 1004 Steph.,
729 902 804 990 all.,
820 900 1008 974 Eucherius
1029 899 1182 972 similem.
1408 913 1611 998 punxerunt.
1638 897 1788 995 Angelus
1813 897 1922 970 Bacca
1946 895 1980 984 l,
2011 896 2093 969 att.
2122 892 2260 969 scribit:

531 1022 589 1091 to.
613 1017 756 1117 populus
780 1014 905 1087 abtdt'et
919 1057 969 1072 -
985 1012 1175 1085 Eucherius
1203 1012 1333 1085 abed-iat
1411 1014 1572 1087 «Nomen
1588 1013 1732 1110 Aepppti
1744 1027 1915 1110 tamquam
1932 1010 2141 1110 superfluum
2158 1033 2178 1080 e
2195 1033 2264 1082 me

477 1133 632 1236 populus.
649 1134 712 1206 Pro
733 1145 762 1204 te
776 1128 987 1229 praecedam,
1003 1127 1089 1200 Bibl.
1104 1128 1185 1200 ven.
1203 1129 1329 1214 1116,
1412 1127 1504 1200 ndio
1525 1125 1694 1200 sublatum
1718 1125 1797 1213 luit3
1815 1151 1878 1198 nec
1895 1124 2017 1222 legitur
2034 1123 2071 1196 iu
2091 1147 2214 1220 graeco
2229 1137 2265 1196 et

481 1251 579 1347 hag,
602 1247 709 1320 Paris.
734 1247 863 1330 1666,
884 1242 941 1316 all.
964 1239 1159 1341 praecedam
1180 1256 1230 1326 te,·
1253 1241 1333 1315 item
1413 1240 1639 1328 »chaldaioo;
1657 1265 1720 1313 nec
1745 1239 1824 1312 item
1844 1240 1880 1312 in
1899 1239 2018 1312 bibliis
2036 1263 2121 1312 mss.
2136 1267 2155 1306 a
2170 1238 2265 1312 Atta·

482 1365 704 1463 Augustinus.
1409 1383 1487 1430 men
1503 1354 1687 1443 hebraeus,
1703 1380 1844 1452 graecus
1858 1368 1892 1427 et
1907 1353 2027 1452 reliqui
2042 1354 2260 1452 interpretas,

534 1481 593 1551 ll.
612 1478 772 1574 Dicitque
790 1471 1108 1558 mrsus-Sixtini,
1124 1469 1223 1545 codd.
1237 1468 1277 1558 A,
1293 1471 1330 1558 B,
1411 1485 1549 1571 excepto
1561 1469 1680 1556 arabe,
1696 1468 1995 1566 hahentDiuitque
2009 1468 2159 1551 Pltaroo,
2171 1467 2264 1565 qnod

483 1594 522 1681 G,
538 1595 580 1680 D,
595 1595 635 1680 Ε,
647 1594 685 1680 F,
701 1592 742 1678 N,
754 1589 798 1679 0,
815 1592 852 1677 P,
870 1589 908 1676 Τ,
925 1589 966 1676 U,
981 1586 1097 1684 Ilugo,
1114 1613 1231 1683 margo
1247 1584 1330 1660 ord.
1412 1612 1479 1659 non
1498 1584 1698 1685 simpliciter
1720 1609 1798 1667 rea,
1819 1583 1880 1656 sed
1905 1583 2022 1682 utique
2044 1607 2106 1656 rea
2123 1583 2268 1682 Aeqyptt'

482 1710 601 1782 Diceae
615 1731 739 1806 quoque
751 1729 900 1790 rursum·
915 1703 1109 1776 blisslloa.
1123 1701 1336 1775 l.c.Diceas·
1411 1701 1506 1776 reddi
1531 1715 1672 1801 poterat.
1695 1701 1759 1773 Pro
1784 1713 1837 1772 tuo
1862 1700 2016 1796 imperia,
2036 1697 2161 1772 cod.G
2185 1696 2267 1794 legit

483 1851 543 1924 que
555 1849 690 1907 rursus·
701 1820 800 1896 codd.
811 1819 851 1905 G,
864 1820 946 1905 H,N
961 1818 995 1905 1,
1011 1819 1046 1905 S,
1062 1816 1335 1890 hebenus-Dicit
1413 1820 1464 1892 tui
1481 1819 1547 1890 cria
1566 1817 1720 1914 imperim·
1735 1814 1824 1888 conl.
1837 1839 1928 1890 vere.
1948 1815 2005 1886 16.

482 1966 606 2038 quoque
631 1962 774 2008 cursum.
804 1934 878 2006 hlox
903 1931 979 2005 cod.
1009 1931 1037 2004 G
1067 1947 1154 2006 tacet
1186 1930 1331 2004 Pharao.
1462 1933 1520 2004 16.
1541 1956 1656 2003 nomeu
1679 1927 1960 2014 eius-Sixtini,
1981 1925 2081 2002 codd.
2097 1928 2143 2014 A,
2160 1927 2204 2015 G,
2219 1928 2262 2012 l),

483 2055 563 2128 Post
583 2053 684 2134 Ecca,
700 2048 777 2123 cad.
794 2048 821 2120 E
843 2047 939 2119 addit
957 2071 1054 2118 nuuc.
1411 2050 1452 2134 E,
1470 2048 1508 2135 G,
1525 2048 1569 2132 H,
1585 2049 1621 2132 S,
1638 2048 1676 2132 Τ,
1693 2046 1733 2133 U,
1745 2044 1784 2130 V,
1799 2043 1997 2130 Bibl.0rd.,
2013 2043 2124 2117 Paris.
2136 2045 2264 2129 1666,

534 2169 591 2239 12.
617 2166 828 2264 Tulitqua-
841 2161 978 2249 Sixtini,
998 2160 1097 2234 codd.
1114 2159 1158 2246 A,
1174 2161 1212 2248 Β,
1230 2159 1273 2246 G,
1289 2162 1331 2248 D,
1412 2163 1487 2251 all.,
1509 2162 1718 2248 Eucherius,
1742 2159 1920 2246 hebenus,
1947 2157 2128 2232 Guibertus
2152 2183 2267 2232 mama

484 2272 1332 2372 li,F,G,ll,h8.,N,O,P‚S,T,U,llugo,
1412 2279 1519 2352 illias,

485 2396 659 2493 Remigius
679 2393 802 2465 antiss.
818 2390 935 2488 legunt
956 2389 1057 2463 Tulit.
1462 2391 1549 2464 lbid.
1572 2391 1687 2489 liupua
1700 2391 1918 2489 Aeppptt'uca,
1931 2388 2138 2461 Sulcatorem
2150 2387 2269 2460 mmdi

533 2509 620 2582 lbid.
643 2507 732 2580 dedit
756 2505 1079 2578 eum-Pronamen
1105 2520 1337 2603 expunxerunt
1411 2507 1607 2580 -Temere
1621 2503 1772 2578 Sixtinus
1788 2504 1930 2576 Amama
1946 2503 1983 2574 in
1998 2501 2170 2574 Antibarh.
2184 2501 2264 2575 bibl.

484 2623 615 2710 sirtini,
632 2648 695 2696 nea
710 2620 832 2718 legitur
849 2619 883 2690 in
900 2617 999 2692 codd.
1011 2617 1053 2704 A,
1069 2619 1106 2704 ll,
1123 2616 1162 2704 G,
1179 2618 1221 2705 D,
1239 2617 1279 2706 E,
1297 2618 1333 2704 F,
1407 2647 1489 2720 pop.
1506 2621 1594 2696 275.
1611 2620 1721 2718 carpit
1741 2617 2033 2717 hieronymianam
2052 2616 2142 2689 hana
2166 2616 2269 2690 inter·

483 2739 526 2826 G,
543 2738 583 2825 S,
600 2740 643 2824 T,
661 2737 702 2822 U,
716 2736 756 2822 V,
773 2733 859 2806 bibl.
875 2732 977 2819 0rd.,
993 2731 1099 2828 Lugd.
1117 2732 1243 2816 1622,
1258 2730 1332 2818 all.,
1413 2735 1650 2834 pretationem:
1667 2758 1843 2832 perperam
1863 2731 1907 2805 cl.
1921 2731 2096 2805 De·llassi
2113 2730 2154 2802 de
2168 2755 2269 2829 piua-

483 2851 668 2936 Eucherio,
688 2848 845 2934 hebeno,
861 2846 1037 2934 Guiberto,
1058 2847 1154 2920 Petro
1175 2845 1286 2933 Gom,
1306 2862 1339 2920 et
1414 2853 1479 2948 cip.
1499 2875 1607 2924 cauas.
1626 2875 1708 2947 pap.
1730 2856 1792 2922 at.
1812 2862 1972 2948 prouocat
1996 2845 2041 2920 ad
2066 2845 2269 2920 Kircherum

484 2968 602 3069 paucis
623 2964 755 3063 graecis
775 2962 875 3036 codd.
892 2961 1127 3035 holmesianis.
1144 2962 1224 3035 Post
1239 2961 1339 3032 veeti-
1415 2964 1570 3064 aliosque
1584 2963 1735 3038 eruditos
1747 2963 1858 3051 viros,
1874 2961 2001 3064 quibus
2015 2960 2135 3034 eadem
2153 2961 2269 3037 minus

484 3083 612 3179 vitque,
626 3104 761 3152 rursum
773 3075 963 3149 Eucherius
980 3091 1067 3148 tacet
1080 3101 1164 3147 eum.
1178 3075 1241 3148 Pro
1254 3074 1339 3147 stola
1414 3080 1635 3181 probabatur:
1652 3078 1739 3153 salso
1756 3079 1894 3152 demum
1911 3076 1971 3151 alii
1987 3077 2158 3151 affirmant
2174 3077 2270 3175 igno-

490 3197 643 3296 bpssioa,
659 3190 1006 3279 codd.D,U,R,T,U
1023 3188 1141 3263 stolum
1157 3190 1335 3288 dpssiaam.
1416 3212 1486 3268 turn
1512 3209 1614 3294 atque
1638 3191 1869 3267 inextricabile
1892 3191 1997 3266 huius
2022 3192 2171 3266 nominis
2197 3208 2271 3291 ety-

487 3314 551 3385 l'ra
570 3333 720 3393 auream,
736 3305 854 3380 ood.A
875 3329 1027 3390 aureum;
1043 3331 1122 3378 nam
1144 3307 1268 3402 torquis
1288 3329 1341 3378 re·
1415 3337 1494 3383 mon
1515 3336 1592 3383 esse
1612 3309 1760 3405 (Ceben.
1776 3309 1867 3382 Bibl.
1882 3308 1995 3380 Parte.
2016 3311 2169 3404 dm).
2186 3309 2271 3382 Nam

486 3442 540 3502 ete
569 3423 758 3498 masculino
787 3446 924 3521 quoque
953 3443 1075 3518 genere
1103 3420 1251 3494 effertur.
1276 3422 1340 3496 Pro
1416 3451 1457 3499 ex
1476 3424 1680 3523 nuperrimis
1699 3423 1972 3525 aegyptiacarum
1991 3421 2177 3496 litterarum
2199 3439 2273 3496 stu·

487 3541 734 3639 circumposuit,
750 3536 931 3610 Guibertus
950 3534 1174 3610 circumdedit.
1417 3539 1485 3613 diis
1519 3537 1788 3612 luculentissime
1822 3536 2072 3610 demonstratur
2104 3535 2273 3636 Hierony-

539 3657 597 3729 16.
620 3655 771 3753 Fecitque
788 3649 1059 3738 eum-Sixtini,
1075 3649 1175 3724 codd.
1187 3650 1228 3738 A,
1244 3651 1281 3738 ll,
1298 3650 1336 3739 G,
1416 3680 1526 3742 mum,
1542 3679 1688 3753 eumque
1707 3650 1819 3726 solum
1834 3651 2052 3726 interamnae
2070 3665 2205 3725 remma
2223 3653 2273 3724 in·

488 3772 530 3858 Ι),
547 3770 588 3857 Ε,
605 3768 643 3856 G,
657 3767 700 3856 Ο,
717 3769 752 3855 S,
768 3767 807 3854 Τ,
822 3766 864 3853 U,
880 3764 995 3862 Engo,
1013 3763 1219 3853 Eucherius,
1236 3765 1342 3842 haha-
1417 3785 1579 3869 terpretee
1598 3767 1710 3864 (haud
1726 3767 1818 3839 enim
1835 3765 1975 3838 dubium
1994 3767 2079 3865 quin
2093 3791 2136 3838 ex
2153 3765 2274 3840 Hieru-

491 3912 572 3972 nus,
590 3883 762 3981 Remigius
777 3880 916 3967 antiss,
932 3879 1028 3953 hliss.
1044 3880 1130 3953 hloz.
1146 3880 1171 3953 l.
1188 3906 1219 3954 a.
1233 3896 1344 3954 tacent
1418 3910 1521 3984 nyma
1536 3883 1675 3985 petitum
1690 3881 1793 3956 luerit
1809 3880 1919 3958 schol.
1932 3880 2007 3954 aad.
2018 3879 2130 3954 Oxou.
2147 3865 2271 3979 eorip

490 4023 692 4099 pronomen,
707 4012 747 4070 ut
766 3993 843 4069 cod.
861 3997 920 4068 26.
937 3994 1185 4068 holmesianus:
1203 3994 1343 4068 Guiber-
1418 3985 1609 4096 adeptae),
1630 4013 1753 4072 rectam
1775 3995 1924 4070 nominis
1948 3994 2095 4094 losepho
2118 3995 2271 4093 impositi

491 4133 545 4189 tus
566 4115 657 4187 Fecit
674 4138 810 4211 quoque.
826 4111 902 4185 on
921 4109 1041 4184 codll
1064 4123 1152 4183 tenet
1169 4136 1279 4208 supcr-
1419 4133 1515 4198 utun
1536 4133 1634 4194 nens
1653 4111 1959 4211 interpretationem
1979 4110 2174 4210 protulisse.
2190 4110 2272 4185 vido

539 4229 627 4303 lbid.
648 4254 744 4300 suum
767 4223 1124 4300 secundum-Godd.
1139 4224 1182 4312 D,
1200 4225 1238 4313 G,
1254 4226 1343 4314 ll,U
1417 4232 1510 4308 Dine.
1535 4259 1570 4332 p.
1596 4227 1780 4326 Ungarellii
1809 4228 1908 4300 Della
1935 4227 2107 4300 mariniane
2129 4225 2272 4324 perapli-

488 4371 584 4420 suum
607 4343 763 4428 secundm·
784 4342 872 4415 hanc
891 4339 969 4416 lect.
991 4355 1154 4414 memorat
1179 4340 1276 4439 llugo
1301 4342 1344 4415 de
1417 4349 1481 4449 fica
1499 4347 1605 4419 incisa
1619 4369 1718 4443 sopra
1736 4369 1782 4415 uo
1797 4341 1969 4441 carcosapo
1985 4342 2153 4438 epinicea,
2169 4341 2266 4414 hom.

492 4491 521 4537 s.
538 4460 650 4534 Charo
667 4458 803 4533 dicens:
819 4457 922 4530 «Alie
940 4456 1049 4530 littera
1067 4456 1169 4530 hahet
1185 4458 1339 4542 secunda,
1420 4462 1527 4534 1812.
1545 4462 1636 4556 (Atti
1660 4459 1749 4531 della
1772 4456 1899 4556 Pontis.
1920 4454 2039 4528 Accad.
2054 4481 2136 4528 rom.
2154 4454 2195 4527 di
2218 4479 2273 4526 uo·

493 4575 618 4675 »quod
644 4573 731 4646 hene
756 4572 909 4670 congruit
934 4571 1095 4671 mysterio
1123 4588 1186 4644 eto.
1206 4601 1223 4642 >r
1240 4570 1340 4644 codd.
1419 4575 1519 4650 cheol.
1534 4590 1609 4648 tant.
1621 4572 1702 4646 XII.
1714 4599 1753 4671 p.
1765 4572 1892 4664 522),
1909 4587 1943 4647 et
1959 4570 2092 4644 Geaenii
2109 4570 2269 4644 Thesaur.

492 4691 516 4764 L
538 4695 572 4761 6.
593 4714 690 4762 suum
709 4713 836 4762 secum.-
853 4686 1060 4773 ellendose,
1081 4685 1130 4760 ait
1153 4686 1339 4787 Dukentop.
1415 4718 1454 4790 p.
1480 4696 1575 4762 4181
1583 4745 1591 4760 .
1613 4689 1673 4788 qui
1700 4688 1825 4787 profert
1850 4703 1953 4762 testes
1978 4686 2163 4774 Doeellini,
2188 4688 2274 4786 Pey-

495 4829 566 4902 np.
590 4804 695 4888 166,
718 4801 834 4902 aliqua
858 4801 965 4874 latina
989 4801 1194 4901 exemplaria
1217 4801 1345 4876 habent
1420 4829 1500 4892 ron,
1516 4802 1768 4903 Gbampollian,
1790 4803 1847 4876 all.
1868 4801 2022 4876 Ceterum
2047 4818 2136 4876 recte
2161 4817 2276 4876 monet

495 4950 512 4988 n
528 4945 646 4992 aecum.
658 4949 675 4986 a
685 4917 737 4990 Gi.
748 4918 855 4989 Lucas
869 4917 1031 5013 Drugens.
1042 4934 1075 4990 et
1089 4918 1205 4992 Estius
1219 4919 1255 4991 in
1269 4919 1304 4991 h.
1316 4917 1340 4991 l.
1421 4919 1496 4994 cod.
1508 4920 1536 4991 N
1555 4917 1659 4992 verba
1673 4918 1788 5015 linqua
1802 4919 2032 5017 aeqyptiocaa
2052 4914 2157 4990 latino
2175 4917 2276 4992 intar-

541 5032 630 5106 lbid.
652 5034 812 5104 choante
822 5031 1186 5129 praecona—Gaddll,
1198 5033 1236 5122 T,
1247 5035 1341 5108 hliee.
1423 5027 1516 5134 prete
1530 5034 1661 5107 adiecta
1676 5033 1795 5108 luisse.
1812 5032 1991 5107 Guibertus
2006 5031 2088 5129 legit
2102 5035 2272 5130 aeqyptia.

494 5149 579 5221 hlaz.
595 5147 620 5220 l.
632 5172 664 5220 c.
681 5147 874 5220 clamantem
890 5146 1272 5244 praeconem51labanus
1289 5150 1347 5221 ad·
1470 5148 1560 5223 lbid.
1582 5148 1928 5247 Deditque-Sixtini,
1943 5147 2043 5223 codd.
2058 5148 2100 5234 A,
2115 5147 2155 5236 G,
2170 5149 2216 5234 D,
2232 5150 2271 5234 E,

494 5263 545 5336 dit
558 5277 589 5335 et
604 5261 741 5336 dicante.
758 5261 821 5333 Pro
837 5261 1007 5333 universae
1023 5275 1142 5344 tenue,
1159 5262 1347 5336 Eucherius
1423 5268 1461 5354 F,
1472 5265 1516 5353 0,
1527 5266 1567 5354 ll,
1577 5266 1616 5353 T,
1627 5265 1715 5354 U,ll,
1726 5265 1836 5364 Ilugo,
1848 5263 2008 5338 Rahauus
2021 5263 2122 5337 Dedit
2133 5291 2272 5366 quoque.

495 5376 653 5478 praetulit
671 5377 707 5448 io
728 5377 881 5450 universa
903 5389 1003 5448 terra.
1473 5379 1560 5453 lbid.
1589 5380 1726 5454 Aeeoetlt
1749 5381 1855 5479 filiam
1878 5380 2062 5477 Putipltam
2077 5421 2128 5436 --
2143 5379 2229 5454 God.
2250 5380 2276 5454 D

546 5492 604 5564 ll.
624 5491 725 5564 Dicit
742 5515 867 5592 quaqua
882 5492 1044 5564 ree-Ex
1061 5477 1346 5591 dpatarthtv'rp
1423 5496 1582 5570 Areoneth
1609 5496 1814 5594 Pltutipltare
1841 5494 1966 5596 filicum
1995 5511 2074 5569 suot
2102 5511 2136 5568 et
2163 5495 2276 5592 graeei

496 5605 621 5682 eod.ll
648 5621 753 5680 totum
779 5605 984 5680 versiculum
1010 5605 1151 5680 omittit:
1174 5607 1255 5681 item
1280 5608 1348 5683 duo
1424 5595 1936 5699 οοὰἀ.εοι11)εηιεε’Δσεννε’θ;
1954 5609 2274 5696 autunum..

496 5722 597 5798 codd.
624 5720 829 5796 Kennicotti.
863 5721 1051 5796 Eucherius
1080 5719 1163 5819 legit
1189 5723 1349 5823 Dicitque
1424 5726 1522 5824 lleg„
1541 5725 1600 5800 all.
1620 5727 1775 5812 desertam·
1795 5723 1895 5800 aodd.
1911 5726 1956 5813 A,
1977 5725 2021 5814 G,
2041 5725 2099 5799 all.
2119 5726 2273 5800 Acanech.

497 5861 574 5921 rem·
590 5836 704 5912 Sintus
721 5861 799 5912 cum
816 5834 892 5911 aad.
909 5837 944 5926 S,
960 5852 994 5911 et
1009 5836 1181 5938 plerisque
1199 5837 1349 5940 antiquis
1426 5839 1544 5926 Quoad
1562 5839 1638 5915 eius
1659 5839 1764 5939 patris
1784 5865 1905 5916 namen
1925 5839 2024 5915 codd.
2041 5840 2197 5942 plerique
2217 5841 2278 5916 ha·
