4830 6678
909 537 1224 617 anottttottettt
1825 531 1971 606 XXXVII

163 731 183 770 s
205 695 297 776 dem
322 696 364 774 in
389 695 552 775 historia
579 689 683 774 vitae
708 721 821 788 suae,
843 721 865 772 a
888 719 948 788 se,
973 711 1019 772 ut
1044 720 1192 772 morem
1216 705 1369 796 gereret
1390 687 1623 794 Praeposito
1648 684 1822 792 generali
1850 686 1971 766 socie·

163 853 184 893 r>
204 805 433 914 tatis'lesu,
458 816 674 924 descripta,
696 819 774 896 hoc
797 833 952 896 tantum
973 816 1090 908 dicit,
1115 815 1247 893 multa
1266 815 1310 892 in
1334 813 1421 891 illis
1442 811 1591 890 Bibiiis
1612 809 1817 915 (sixtinis)
1833 808 1973 912 fuisse

156 969 368 1048 perperam
390 957 569 1035 mutata,
594 969 717 1047 quare
734 939 889 1018 uetitis
907 938 1171 1047 prohibendis
1191 936 1403 1043 Gregorius
1418 937 1548 1014 XIV.
1570 934 1879 1041 cogitaverit.(1)
1900 933 1973 1012 Ve·

161 1093 252 1142 rum
272 1093 295 1142 a
317 1092 359 1170 p.
376 1064 592 1168 Fuligatt0,
615 1064 685 1171 qui
708 1089 816 1142 anno
835 1061 1094 1142 MDCXXIV.
1118 1060 1242 1138 fusius
1265 1056 1440 1138 eiusdem
1460 1057 1687 1136 Bellarmini
1706 1059 1826 1136 vitam
1845 1056 1973 1137 italice

160 1188 360 1281 exaravit,
380 1188 591 1266 memoriae
611 1184 813 1292 proditum
830 1203 909 1280 est,
926 1185 1051 1264 Biblia
1071 1184 1137 1263 illa
1153 1213 1175 1262 a
1191 1183 1303 1264 Sixto
1324 1199 1463 1289 utpote
1482 1199 1609 1261 morte
1627 1182 1863 1289 intercepto,
1878 1209 1974 1261 non·

161 1309 259 1387 dum
287 1337 311 1388 a
341 1309 639 1415 typographicis
660 1306 813 1388 mendis
837 1324 1050 1414 repurgata
1072 1307 1210 1403 fuisse;
1233 1305 1274 1385 id
1303 1305 1414 1412 quod
1444 1321 1576 1384 tamen
1604 1305 1779 1384 facturus
1798 1322 1901 1402 erat,
1928 1331 1974 1384 ac

162 1433 309 1539 praelis
324 1431 457 1512 denuo
474 1432 769 1526 commissurus,
784 1431 817 1510 si
835 1429 985 1509 diutius
1003 1431 1177 1510 vixisset.
1197 1431 1244 1508 Et
1261 1431 1360 1509 haee
1378 1457 1468 1509 cum
1485 1429 1760 1537 superioribus
1775 1443 1971 1534 pugnant.

1003 1615 1037 1716 g,
1065 1613 1135 1692 xr.

258 1773 413 1852 Variae
434 1773 673 1880 scriptorum
695 1775 908 1880 opiniones
929 1773 986 1851 ad
1004 1799 1173 1852 examen
1198 1792 1449 1870 revocantum
1468 1803 1547 1881 quo
1571 1803 1663 1854 cum
1687 1770 1883 1854 hodierna

614 1899 659 1974 V
656 1896 818 2002 ulgutae
839 1897 1100 2005 praefatione
1124 1897 1339 1976 conciliari
1364 1917 1528 2004 queant.

275 2057 356 2134 Etsi
382 2056 565 2163 proxime
592 2057 777 2162 superius
804 2054 977 2137 adducta
1005 2057 1231 2135 testimonia
1259 2057 1301 2135 in
1329 2057 1531 2164 aliquibus
1560 2058 1673 2136 nimis
1700 2057 1803 2136 inter
1830 2081 1871 2135 se
1898 2053 1977 2134 dis-

162 2197 305 2285 parata
332 2205 414 2258 esse
442 2207 560 2260 nemo
589 2208 672 2258 non
701 2178 855 2276 videat3
885 2197 1017 2259 tamen
1045 2198 1090 2258 ut
1117 2180 1270 2258 facilius
1304 2179 1469 2259 iudicari
1496 2182 1621 2286 possit
1647 2183 1690 2259 in
1718 2208 1801 2287 quo
1833 2204 1978 2258 conve-
2085 2241 2087 2245 -

142 2303 299 2397 ‘·niant,
317 2319 356 2381 et
373 2302 415 2381 in
436 2328 519 2408 quo
538 2301 784 2410 discrepent,
801 2331 939 2382 rursus
957 2331 1037 2382 una
1057 2304 1173 2382 simul
1192 2303 1484 2410 comparand0,
1501 2305 1659 2384 lectoris
1678 2305 1842 2384 obtutui
1860 2303 1978 2383 subii-

162 2425 309 2505 cienda
332 2425 584 2506 arbitramur.
613 2428 824 2506 Enimvero
842 2426 1055 2506 editionem
1075 2427 1236 2506 alteram
1255 2428 1429 2533 perfecte
1448 2427 1696 2508 emendatam
1719 2444 1978 2535 paratamque

162 2551 272 2656 typis
291 2578 315 2628 a
331 2549 444 2628 Sixto
471 2551 664 2644 relictam,
687 2578 789 2657 quae
809 2550 1042 2630 clementina
1065 2577 1174 2628 nunc
1192 2566 1376 2644 vocetur,
1399 2549 1515 2631 nobis
1533 2549 1716 2628 obtrudit
1734 2547 1975 2656 Wadingus.

160 2671 245 2750 -Vix
276 2689 460 2780 coeptam
478 2674 581 2752 hanc
600 2673 762 2752 alteram
783 2673 1071 2754 correctionem
1095 2690 1179 2750 tum
1203 2672 1322 2753 fuisse
1345 2702 1436 2752 cum
1453 2674 1590 2754 Sixtus
1618 2674 1779 2769 obierit,
1803 2673 1893 2753 vult
1908 2674 1980 2752 Ca·

162 2795 327 2874 simirus
353 2797 620 2902 Tempestius.
643 2795 833 2874 Nondum
856 2813 1036 2903 coeptam
1064 2795 1240 2876 eamdem
1260 2796 1388 2877 credit
1406 2797 1643 2877 Ghislerius.
1667 2795 1728 2875 sd
1753 2798 1871 2876 haec:
1894 2825 1980 2878 cor-

164 2937 395 3014 rectorum,
426 2921 851 3027 typographorumque
879 2922 976 2999 vitio
1005 2949 1066 3000 res
1094 2922 1193 2999 male
1221 2921 1430 3018 successit,
1459 2921 1492 2999 si
1520 2918 1619 2999 fides
1646 2919 1808 2999 duobus
1834 2919 1978 3026 priori-

164 3045 265 3123 bus:
291 3062 437 3124 temere
460 3043 511 3122 ab
534 3046 624 3150 ipso
648 3043 760 3124 Sixto
785 3063 973 3152 corrupta
1002 3046 1078 3124 fuit
1104 3045 1201 3125 dum
1225 3045 1347 3124 factas
1369 3044 1666 3124 emendationes
1691 3070 1897 3150 aggressus
1922 3059 1982 3124 est

164 3169 386 3274 corrigere,
408 3166 441 3244 si
459 3193 553 3246 vera
571 3168 712 3246 tertius
728 3184 921 3246 narraret.
945 3170 1003 3246 Ex
1022 3167 1143 3248 modo
1163 3168 1357 3276 loquendi
1377 3168 1569 3274 Wadingi
1590 3185 1630 3247 et
1648 3168 1836 3247 Ghislerii
1856 3168 1980 3248 conii·

163 3295 276 3372 citur
303 3291 422 3371 semel
441 3308 597 3370 tanturn
615 3291 753 3399 praelo
780 3291 959 3372 subiecta
986 3291 1104 3370 fuisse
1122 3291 1248 3371 Biblia
1269 3321 1291 3370 a
1313 3290 1445 3388 Sixto,
1467 3293 1577 3371 iuxta
1595 3291 1866 3397 Tempestium
1885 3317 1980 3372 vero

164 3417 243 3495 bis.
274 3417 460 3495 Ceterum
487 3417 529 3492 in
554 3417 631 3493 hoc
655 3418 902 3495 conveniunt
929 3438 1087 3511 omnes,
1111 3418 1261 3524 primo:
1285 3417 1580 3496 correctionum
1602 3433 1837 3524 apparatum
1862 3414 1980 3495 Cara-

163 3541 249 3636 fac,
279 3538 687 3646 Congrcgationique,
716 3541 778 3618 cui
808 3538 912 3618 idem
942 3557 1123 3646 praeerat
1149 3539 1304 3639 deberi;
1331 3539 1530 3620 secundo:
1555 3567 1639 3618 non
1667 3539 1905 3620 adamussim
1931 3566 1981 3620 ex

161 3662 222 3770 τῷ
257 3659 526 3768 ἐωανορθωτῇ
554 3663 673 3742 foisse
701 3679 927 3772 expressam
960 3665 1064 3744 illam
1098 3663 1337 3762 editionem,
1369 3668 1568 3774 longeque
1599 3666 1736 3774 plures
1763 3692 1811 3747 ex
1839 3665 1982 3746 oblatis

163 3786 521 3867 emendationibus
547 3789 793 3894 praeteriisse
815 3788 991 3887 Sixtum;
1016 3790 1133 3870 tertio
1160 3789 1339 3869 demum:
1367 3820 1449 3873 non
1477 3790 1728 3872 mediocriter
1750 3821 1772 3872 a
1794 3809 1982 3900 typogra-

164 3916 261 4020 phis
285 3913 489 3992 erroribus
511 3913 710 3992 infectam.
738 3911 862 4012 Quod
883 3916 915 3993 si
933 3915 984 3994 ab
1005 3914 1233 3995 huiusmodi
1253 3917 1486 3995 testimoniis
1507 3917 1711 3996 veritatem
1732 3916 1906 4024 perfecte
1924 3943 1982 3996 es·

163 4039 285 4144 sequi
315 4065 398 4116 non
426 4065 656 4143 possumus,
681 4037 812 4115 minus
841 4037 959 4116 etiam
988 4039 1062 4116 erit
1084 4038 1375 4144 expectandum
1403 4038 1455 4117 ab
1482 4038 1587 4134 aliis,
1615 4039 1685 4146 qui
1715 4039 1808 4119 licet
1834 4039 1916 4120 itali
1943 4056 1983 4118 et

163 4162 327 4241 coaevis
355 4163 550 4268 proximi,
581 4189 686 4268 quae
712 4178 845 4242 tamen
878 4161 1053 4242 afferunt
1080 4161 1266 4242 videntur
1293 4163 1343 4242 ab
1372 4161 1511 4242 iisdem
1542 4162 1723 4242 fontibus
1756 4162 1978 4263 derivasse,

164 4315 274 4393 quos
298 4313 420 4391 supra
443 4285 778 4383 enumeravimus;
800 4313 927 4392 quare
949 4286 1110 4367 nonnisi
1131 4287 1280 4366 incerta
1299 4303 1420 4392 atque
1440 4272 1750 4366 contradictoria
1773 4315 1823 4367 cx
1844 4315 1982 4368 eorum

161 4411 332 4518 scriptis
359 4428 572 4489 eruuntur.
602 4409 666 4488 Ad
690 4426 847 4489 exteros
869 4408 980 4517 quod
1009 4427 1183 4518 spectat,
1211 4411 1252 4488 hi
1280 4410 1372 4490 facti
1395 4412 1599 4491 historiam
1622 4411 1807 4518 quamvis
1831 4411 1872 4490 in
1893 4412 1982 4490 uni·

163 4563 329 4613 versum
360 4533 639 4639 cognoverint,
666 4533 782 4639 plura
806 4550 938 4612 tamen
962 4531 1150 4614 adiuncta
1174 4535 1431 4638 ignorarunt,
1459 4561 1587 4642 eaque
1615 4536 1849 4641 praecipue,
1874 4531 1983 4614 unde

162 4674 325 4736 rectum
355 4656 405 4736 de
432 4659 576 4736 sixtina
599 4657 772 4738 editione
799 4657 991 4737 iudicium
1013 4657 1214 4738 efformari
1238 4659 1354 4737 unice
1374 4659 1514 4764 possit.
1539 4658 1757 4758 Quomodo
1780 4659 1822 4738 in
1844 4657 1983 4737 Galliis

161 4783 346 4886 Prosper
373 4778 591 4858 Marchand
619 4807 739 4886 super
768 4783 840 4860 hac
872 4809 917 4861 re
946 4775 1172 4890 scripserit,
1200 4784 1276 4861 iam
1310 4807 1430 4886 supra
1458 4782 1669 4887 tetigimus.
1699 4781 1914 4889 Buhentop
1940 4785 1983 4862 in

162 4903 308 5010 Belgio
336 4931 419 4981 rem
448 4903 550 4983 hanc
578 4903 893 5010 diligentissime,
919 4908 951 4986 st
979 4907 1214 5012 quisalius,
1242 4906 1446 5003 tractavit3
1476 4933 1615 4984 verum
1643 4906 1685 4983 in
1713 4905 1915 5012 pluribus,
1939 4925 1984 5008 nt

162 5045 254 5106 erat
288 5026 441 5106 notitiis
471 5025 707 5123 destitutus,
739 5026 903 5123 defecit,
935 5027 1047 5135 quod
1080 5056 1205 5135 aeque
1237 5029 1448 5107 Francisco
1475 5029 1607 5108 Lucae
1642 5029 1821 5136 contigit.
1858 5031 1922 5108 At.
1941 5031 1984 5110 in

165 5151 313 5254 anglia
341 5151 401 5229 vir
430 5145 636 5232 emunctae
665 5147 770 5231 naris
798 5151 1026 5232 Alexander
1048 5151 1211 5232 Geddes
1232 5153 1333 5262 (qui
1360 5155 1513 5232 utinam
1542 5152 1675 5260 quoad
1701 5153 1776 5233 alia
1803 5156 1985 5260 graviora

278 5384 319 5448 (t)
335 5381 541 5440 Ciroutoiertar
564 5391 593 5442 et
614 5384 754 5457 quaedam
776 5385 859 5444 card.
881 5385 1045 5444 Bellarmini
1111 5407 1132 5450 ,α
1151 5388 1193 5442 La
1211 5385 1320 5444 sanita
1340 5389 1437 5443 vostra
1457 5401 1487 5442 ra
1511 5400 1612 5442 ancora
1634 5385 1653 5442 il
1674 5385 1814 5458 pericolo,
1834 5384 1881 5442 nei
1901 5383 1984 5458 quale

162 5469 291 5542 epistola
313 5469 350 5526 ad
368 5471 540 5529 Clementem
557 5474 633 5528 Vtil.
648 5475 678 5528 P.
694 5475 734 5530 tt.
752 5473 834 5544 data,
852 5489 937 5547 quarn
958 5491 1045 5532 manu
1119 5495 1132 5524 a
1153 5475 1223 5532 mise
1237 5489 1267 5532 se
1281 5481 1500 5543 sasantina
1514 5473 1541 5531 la
1553 5473 1652 5531 Chiesa
1665 5473 1692 5530 la
1705 5489 1746 5530 sa.
1758 5489 1812 5532 me.
1824 5472 1853 5530 di
1866 5474 1938 5530 Siste
1948 5472 1981 5528 V.

162 5566 314 5616 uaranm
328 5559 359 5614 ia
372 5560 547 5617 namnetensi
559 5559 727 5620 bibliotheca
741 5562 863 5635 legimus
874 5567 1042 5631 (Kytai.
1109 5583 1133 5629 ,s
1153 5563 1185 5618 in
1202 5562 1277 5619 voler
1293 5577 1454 5634 correggere
1472 5563 1499 5620 ia
1515 5560 1614 5620 Bibbia
1631 5561 1753 5620 secondo
1769 5561 1790 5619 il
1805 5576 1857 5620 suo
1873 5558 1983 5632 proprio

158 5663 194 5719 p.
209 5651 300 5712 2⁰⁴.)
315 5661 457 5720 mamque
473 5646 623 5707 ditatum
640 5651 722 5723 serry
739 5649 1040 5720 badesilitanam
1117 5675 1130 5702 ι
1151 5667 1259 5725 parere.
1274 5650 1316 5708 Ed
1333 5652 1361 5708 io
1378 5659 1454 5709 certo
1469 5665 1528 5708 non
1543 5667 1575 5708 so
1591 5666 1623 5708 se
1639 5652 1680 5708 sia
1696 5651 1751 5709 mai
1768 5664 1847 5708 corso
1864 5646 1984 5722 periculo

161 5741 289 5806 eapAEt.
303 5743 332 5792 et
347 5735 412 5803 alii;
427 5737 457 5792 io
472 5737 526 5794 hac
541 5737 731 5798 bellarminus
746 5748 779 5796 ut
790 5738 955 5796 Pontificem
972 5755 988 5796 a
1006 5739 1045 5798 ia·
1119 5763 1134 5806 ι,
1154 5739 1306 5813 maggiore.
1319 5763 1332 5790 ι
1349 5743 1442 5810 Haeo,
1462 5741 1493 5796 ni
1513 5739 1660 5810 fallimur,
1677 5739 1841 5798 Ballarmini
1863 5741 1983 5794 meanto

156 5821 260 5879 ‘reoda
278 5827 418 5881 wntmfla
432 5823 505 5882 eirca
520 5827 746 5897 quamuonoede
759 5828 1044 5901 praedestinatione,
1116 5829 1185 5886 satis
1205 5828 1352 5902 aperiunt,
1374 5828 1596 5902 confirmarique
1618 5843 1650 5886 ea
1673 5842 1744 5900 quae
1764 5825 1800 5883 ab
1821 5821 1989 5898 Ungarellin

153 5924 243 5984 1auae
261 5916 332 5968 tune
349 5910 503 5983 vigebant,
517 5911 682 5984 innunt,
701 5915 849 5978 lateralia
869 5916 911 5976 sic
929 5915 1041 5974 scribit:
1115 5918 1244 5991 issem.
1264 5918 1446 5994 paragraphis
1459 5917 1690 5992 ,computantur
