4804 6692
451 533 552 606 xtvt
1198 527 1516 604 ruoltootsstrut

449 683 724 777 Bellarminus,
743 682 812 791 qui
833 680 963 761 redux
984 708 1006 761 e
1024 680 1164 760 Galliis
1184 680 1313 761 fuerat
1330 696 1422 760 ante
1440 682 1596 788 aliquot
1613 705 1777 778 menses,
1794 678 2024 759 Pontificem
2044 676 2261 757 Maximum

451 821 726 888 convenerunt
753 832 828 912 pro
856 805 1016 883 illorum
1043 802 1264 884 Bibliorum
1293 806 1452 912 negotio
1480 802 1696 913 aliquando
1723 801 1920 899 liniendo,
1947 803 2262 910 rumoribusque

450 928 648 1010 sedandis.
675 929 896 1036 Gregorius
923 927 1097 1008 animum
1127 927 1256 1006 statim
1284 929 1479 1035 applicuit
1505 927 1556 1008 ad
1585 955 1667 1007 rem
1695 925 2035 1034 componendam,
2064 925 2266 1033 simulque

450 1053 610 1132 illorum
638 1055 818 1132 virorum
846 1053 1080 1132 sententiam
1109 1052 1287 1156 rogavit,
1319 1049 1418 1158 quid
1447 1051 1599 1131 consilii
1628 1050 1891 1160 capiendum,
1924 1079 1975 1130 an
2003 1050 2127 1130 libere
2155 1049 2266 1128 evul-

448 1175 578 1282 ganda
607 1205 712 1256 nova
733 1177 832 1256 Sixti
852 1172 903 1253 V.
928 1174 1161 1256 emendatae
1181 1175 1368 1282 vulgatae
1390 1143 1513 1255 editio
1534 1193 1657 1284 prout
1678 1177 1755 1256 iam
1778 1175 1941 1284 prodire
1963 1189 2168 1282 coeperat,
2189 1202 2263 1270 an,

449 1316 489 1378 et
517 1299 723 1408 quomodo
752 1301 792 1378 in
822 1298 960 1380 melius
988 1297 1258 1380 restituenda?
1280 1301 1485 1399 Quasnam
1512 1300 1679 1380 tulerint
1705 1299 1772 1380 alii
1800 1300 2050 1380 consultores
2076 1325 2121 1378 ea
2146 1297 2196 1378 de
2222 1325 2266 1377 re

450 1427 684 1521 sententias,
707 1455 756 1506 ex
780 1453 873 1510 mox
900 1423 1080 1505 dicendis
1107 1441 1292 1522 eruetur3
1315 1423 1384 1504 sed
1408 1453 1449 1532 p.
1472 1425 1638 1505 Roberti
1660 1425 1885 1506 Bellarmini
1910 1424 2106 1504 sententia
2126 1424 2266 1503 huius·

451 1550 559 1630 modi
586 1551 679 1647 fuit,
702 1550 833 1658 qualis
852 1549 903 1630 ab
922 1576 970 1628 eo
989 1551 1032 1628 in
1051 1549 1218 1629 historia
1237 1550 1340 1630 vitae
1359 1577 1453 1628 suae
1472 1552 1657 1657 superius
1676 1550 1791 1629 citata
1813 1549 1999 1628 habetur.
2029 1549 2079 1627 tit
2101 1573 2152 1626 ne
2170 1547 2263 1627 facti

451 1675 656 1756 historiam
676 1675 839 1754 omnino
859 1690 1172 1783 praetereamus,
1193 1673 1368 1754 eiusdem
1389 1673 1511 1754 verba
1530 1671 1733 1754 afferenda
1751 1672 1954 1753 ducimus:
1971 1705 1989 1747 α
2005 1674 2125 1752 Anno
2145 1675 2261 1781 1591.

454 1833 473 1874 u
496 1800 685 1900 (scribit)
699 1827 790 1878 cum
810 1799 1029 1903 Gregorius
1048 1803 1141 1880 xlv.
1158 1800 1348 1902 cogitaret
1367 1797 1468 1906 quid
1487 1797 1684 1906 agendum
1703 1815 1803 1881 esset
1821 1796 1873 1877 de
1889 1796 2028 1876 Bibliis
2046 1823 2069 1875 a
2088 1793 2201 1876 Sixto
2215 1801 2261 1877 V.

455 1955 473 1997 s
496 1922 635 2019 editis,
666 1923 707 2002 in
735 1923 885 2030 quibus
911 1940 1024 2004 erant
1051 1923 1247 2030 permulta
1276 1950 1485 2031 perperam
1514 1940 1688 2021 mutata,
1718 1951 1803 2002 non
1832 1921 1997 2002 deerant
2024 1921 2097 1998 viri
2126 1947 2265 2027 graves

455 2049 566 2155 »qui
594 2066 802 2129 censerent
828 2075 875 2128 ea
901 2047 1028 2127 Biblia
1057 2076 1141 2128 esse
1169 2048 1329 2155 publice
1356 2046 1632 2154 prohibenda3
1659 2046 1727 2127 sed
1753 2047 1805 2126 N.
1833 2046 2177 2148 (Bellormr'nur)
2197 2075 2264 2126 co-

454 2201 578 2252 »ram
602 2173 793 2252 Pontifice
821 2171 1129 2265 demonstravit,
1150 2171 1275 2251 Biblia
1296 2170 1361 2250 illa
1388 2198 1471 2249 uon
1495 2199 1580 2250 esse
1602 2168 1874 2279 prohibenda,
1901 2167 2079 2248 sedasse
2103 2169 2156 2248 ita
2181 2197 2266 2250 cor·

454 2296 678 2404 erigenda,
704 2315 749 2377 ut
776 2297 886 2377 salvo
913 2299 1070 2376 honore
1097 2298 1195 2376 Sixti
1218 2300 1262 2376 v.
1291 2295 1516 2390 pontilicis,
1540 2294 1669 2376 Biblia
1695 2295 1761 2375 illa
1789 2293 1997 2375 emendata
2025 2291 2259 2402 prodirent;

454 2457 473 2496 s
494 2420 607 2529 quod
635 2421 767 2517 lieret,
793 2421 824 2500 si
852 2447 973 2529 quam
997 2421 1200 2500 celerrime
1222 2420 1460 2500 tollerentur
1484 2447 1589 2526 quae
1614 2418 1714 2499 male
1740 2435 1891 2498 mutata
1914 2435 2047 2512 erant,
2072 2435 2113 2497 et
2135 2416 2265 2498 Biblia
2395 2519 2396 2528 ἵ

454 2579 472 2620 »
495 2545 784 2626 recederentur
805 2547 881 2626 suh
903 2546 1065 2626 nomine
1083 2544 1258 2624 eiusdem
1281 2543 1400 2639 Sixti,
1422 2561 1462 2624 et
1480 2542 1615 2625 addita
1633 2542 1902 2652 praefatione,
1924 2571 2005 2650 qua
2023 2541 2265 2652 significare·
2395 2541 2396 2592 ῗ

455 2689 584 2766 stur,
605 2671 646 2750 in
671 2672 797 2779 prima
818 2669 994 2751 editione
1010 2669 1111 2750 Sixti
1134 2696 1231 2776 prae
1253 2668 1508 2749 festinatione
1531 2669 1735 2776 irrepsisse
1757 2668 1893 2774 aliqua
1912 2685 2041 2748 errata
2062 2667 2125 2747 vel
2147 2685 2265 2776 typo-

453 2797 759 2903 »graphorrum
785 2795 846 2877 vel
870 2795 1053 2874 aliorum.
1075 2825 1094 2870 a
1120 2794 1176 2900 (r)
1199 2793 1373 2893 Quinam
1403 2792 1553 2872 fuerint
1575 2791 1805 2872 huiusmodi
1828 2793 1903 2871 viri
1929 2819 2067 2899 graves
2094 2793 2264 2872 sixtinae

448 2918 615 3000 editioni
635 2921 769 3000 animo
792 2918 892 3000 adeo
914 2919 1078 3014 infensi,
1101 2936 1145 2998 ut
1168 2915 1342 2998 ciusdem
1364 2916 1697 3024 proscriptionem
1721 2917 1994 3013 consulerent,
2018 2915 2264 2997 divinatione

448 3045 615 3125 forsitan
638 3073 741 3152 opus
762 3074 844 3125 non
868 3062 946 3144 est;
968 3073 1061 3124 nam
1084 3071 1133 3123 ex
1154 3042 1270 3124 dictis
1287 3042 1409 3122 fuisse
1431 3040 1621 3122 videntur
1644 3042 1699 3120 illi
1724 3042 1860 3122 sixtini
1883 3048 2145 3140 correctores,
2167 3069 2266 3150 quo·

448 3199 539 3248 rum
565 3170 711 3248 scilicet
734 3196 857 3276 opere
881 3168 1009 3250 codex
1034 3168 1256 3248 carafianus
1276 3167 1480 3273 vulgatam
1503 3167 1664 3246 latinam
1689 3167 1845 3271 integre
1868 3183 2088 3246 correctam
2110 3192 2266 3273 reprae-

443 3294 651 3390 ,sentabat;
673 3311 712 3373 at
732 3295 895 3373 nomina
913 3291 1134 3401 prudenter
1152 3292 1326 3373 reticuit.
1351 3291 1544 3398 Sequitur
1559 3289 1787 3372 Bellarmini
1812 3292 2009 3371 narratio:
2029 3323 2049 3365 c
2066 3291 2115 3368 Et
2132 3292 2189 3371 sic
2209 3291 2261 3369 N.

452 3453 472 3493 t>
494 3420 838 3520 (Bellarminus)
863 3417 1038 3526 reddidit
1064 3417 1177 3498 Sixto
1205 3415 1385 3497 Pontifici
1414 3414 1523 3496 bona
1550 3442 1626 3522 pro
1654 3415 1779 3493 malis.
1805 3414 1939 3495 Sixtus
1964 3415 2071 3494 enim
2097 3432 2267 3524 propter

453 3578 472 3617 »
494 3543 598 3622 illam
627 3545 942 3653 propositionem
967 3542 1018 3623 de
1041 3542 1219 3623 dominio
1242 3545 1372 3650 Papae
1395 3539 1546 3621 directo
1570 3541 1613 3619 in
1636 3557 1765 3620 totum
1788 3540 1927 3620 orbem
1951 3539 2086 3648 posuit
2109 3559 2266 3621 contru-

455 3670 638 3749 »versias
665 3671 752 3748 eius
779 3669 821 3748 in
849 3667 980 3748 indice
1007 3668 1203 3749 librorum
1231 3665 1551 3775 prohibitorum,
1578 3663 1710 3743 donee
1736 3663 2051 3771 corrigerentur,
2077 3662 2147 3743 sed
2174 3664 2265 3774 ipso

454 3827 473 3866 s>
494 3811 673 3891 mortuo,
699 3823 807 3875 sacra
837 3795 1002 3874 Rituum
1023 3794 1290 3900 Congregatio
1312 3791 1428 3870 iussit
1451 3789 1572 3870 deleri
1601 3817 1650 3869 ex
1676 3789 1782 3870 libro
1805 3789 1950 3870 indicis
1972 3818 2119 3870 nomen
2142 3790 2262 3870 illius.

453 3919 647 4000 »Placuit
675 3920 882 4000 consilium
908 3919 959 3998 N.
983 3918 1181 4026 Gregorio
1204 3916 1408 4011 Pontifici,
1434 3931 1474 3994 et
1496 3915 1611 3996 iussit
1634 3931 1680 3993 ut
1703 3915 1968 4022 Congregatio
1994 3912 2181 3995 lieret-ad
2205 3943 2266 3996 re·

455 4075 474 4118 n
497 4043 814 4150 cognoscendam
832 4043 1011 4124 celeriter
1027 4041 1195 4122 Bibliam
1214 4041 1398 4120 sixtinam
1418 4039 1555 4141 (sic),
1580 4055 1620 4119 et
1647 4039 1911 4121 revocandam
1936 4037 1989 4120 ad
2012 4039 2269 4121 Ordinariam

453 4201 473 4242 s
494 4166 680 4264 Bibliam,
703 4169 933 4276 praesertim
956 4168 1240 4247 lovaniensem.
1264 4163 1310 4244 ld
1332 4163 1479 4244 iactum
1505 4179 1564 4242 est
1582 4162 1815 4268 Zagarolae,
1838 4164 1879 4244 in
1903 4163 2024 4244 domo
2043 4164 2164 4245 Marci
2189 4167 2268 4245 An·

453 4327 473 4366 s
494 4293 598 4372 tonii
625 4291 865 4389 Columnae,
891 4291 1170 4401 praesentibus
1198 4286 1400 4370 Cardinali
1428 4288 1516 4395 ipso
1544 4288 1820 4388 Columnensi,
1845 4306 1885 4368 et
1910 4288 2039 4369 Alano
2064 4288 2267 4372 Cardinali

453 4451 473 4492 a
495 4417 649 4526 Anglo,
674 4446 749 4498 nec
778 4446 861 4498 non
889 4416 1077 4525 Magistro
1105 4415 1204 4496 sacri
1232 4413 1368 4522 palatii
1396 4411 1626 4521 apostolici,
1655 4415 1742 4523 ipso
1768 4413 1844 4512 N.,
1870 4431 1910 4494 et
1936 4415 2023 4495 eliis
2050 4415 2178 4494 tribus
2203 4417 2265 4496 vel

452 4637 465 4662 «ι
486 4615 628 4673 Antonius
639 4615 738 4674 Carasa
749 4614 985 4675 Bibliothecarius
998 4616 1184 4690 apostolicus,
1196 4615 1267 4672 vitae
1281 4615 1323 4672 in·
1397 4638 1409 4665 v
1431 4632 1488 4674 non
1508 4615 1531 4674 si
1552 4615 1668 4674 sarebbe
1688 4623 1859 4673 certamente
1877 4623 1984 4672 trovato
2003 4615 2078 4673 nella
2098 4613 2266 4686 medecina,

452 4726 465 4751 n
485 4705 630 4774 nocentia,
644 4704 783 4762 variarum
800 4704 1013 4779 disciplinarum
1030 4703 1188 4764 eruditione
1202 4713 1231 4763 et
1243 4719 1321 4778 grae·

453 4815 465 4840 υ
485 4807 535 4850 eae
553 4793 668 4866 linguae
686 4811 885 4868 sacrarumque
904 4811 998 4854 rerum
1018 4797 1115 4869 peritia
1139 4797 1259 4854 maxime
1278 4796 1322 4852 in-

452 4905 465 4930 »
484 4882 590 4956 signis,
610 4889 694 4956 etque
714 4885 743 4941 in
763 4883 957 4943 ecclesiasticis
976 4887 1096 4959 negotiis
1116 4884 1323 4955 indefessus‚a

452 4994 464 5019 »
485 4985 541 5045 quo
555 4973 648 5030 omnis
664 4971 789 5031 adhibita
803 4981 846 5033 est
859 4973 1005 5047 diligentia
1020 4984 1053 5032 ut
1067 4974 1255 5050 undequaque
1269 4977 1325 5032 Ro·

452 5084 464 5106 υ
486 5075 562 5118 mam
576 5077 609 5119 ex
624 5062 755 5122 universo
768 5063 922 5122 christiano
939 5064 1021 5135 orbe,
1034 5063 1127 5139 quoad
1140 5065 1201 5124 fieri
1216 5066 1322 5140 potuit,

451 5171 465 5196 »
486 5151 665 5209 correctiores
688 5159 716 5210 et
738 5153 910 5226 antiquiores
935 5153 1140 5212 adveherentur
1162 5153 1272 5212 codices
1295 5160 1324 5212 et

451 5251 602 5310 amaseae
623 5239 757 5299 versionis
783 5242 987 5315 Septuaginta,
1010 5251 1039 5300 et
1062 5243 1167 5302 latinae
1189 5241 1324 5302 versionis

454 5348 467 5374 ι
487 5327 639 5399 vulgatae,
656 5337 709 5386 ete.
724 5353 738 5380 s

555 5419 593 5485 (1)
613 5420 654 5476 De
671 5417 724 5476 hac
743 5419 909 5479 Bellarmiui
928 5421 1068 5479 senmntia
1086 5419 1243 5479 cardinalis
1262 5422 1321 5480 Do·

450 5505 571 5564 minieus
589 5506 731 5565 Pessiomi
749 5507 848 5568 acerbe
864 5509 976 5568 scribit:
993 5534 1006 5561 α
1019 5511 1059 5568 mi
1076 5511 1100 5568 si
1120 5517 1255 5585 permatta
1274 5509 1324 5584 qui

318 5649 322 5656 ,
452 5620 464 5645 υ
486 5595 515 5654 di
531 5595 591 5655 iare
608 5611 665 5655 una
682 5597 896 5672 semplicissima
914 5601 1086 5670 riliessione,
1103 5617 1148 5658 ma
1166 5601 1254 5658 molto
1271 5616 1322 5675 op·

451 5711 463 5735 »ι
485 5693 616 5760 portura.
638 5687 728 5761 Eper
743 5687 809 5762 qual
828 5689 945 5763 ragione
963 5689 1019 5747 mai
1038 5705 1154 5764 pensare
1171 5689 1208 5749 ad
1224 5705 1265 5749 un
1280 5690 1319 5746 ri·

1395 4729 1407 4756 s
1428 4719 1508 4762 come
1527 4701 1621 4762 inietti
1643 4718 1702 4762 non
1720 4704 1747 4761 vi
1766 4703 1797 4773 d,
1812 4717 1905 4762 errore
1923 4703 2025 4761 aleuno
2045 4709 2142 4760 contro
2159 4703 2186 4760 le
2204 4703 2268 4762 fede

1396 4819 1409 4846 s
1430 4795 1570 4853 cattoliea.
1582 4795 1644 4852 lion
1656 4795 1672 4853 e
1684 4810 1748 4852 cose
1761 4809 1867 4863 nuova,
1878 4793 1930 4852 che
1943 4809 1991 4867 per
2002 4793 2021 4850 l’
2028 4793 2165 4852 immensa
2177 4809 2268 4868 quan·

1396 4907 1409 4935 e
1431 4883 1483 4941 tra
1501 4882 1577 4956 degli
1595 4883 1741 4957 esemplmi
1763 4883 1936 4942 manuscritti
1955 4898 1970 4941 e
1989 4899 2039 4957 per
2056 4884 2083 4942 le
2102 4883 2267 4942 innumera·

1398 4995 1411 5022 2
1432 4970 1483 5028 hili
1503 4971 1621 5030 editioni
1641 4971 1670 5029 di
1689 4981 1789 5047 questo
1806 4970 1884 5029 divin
1904 4971 1992 5042 libro,
2010 4988 2026 5030 e
2045 4988 2094 5046 per
2110 4973 2267 5031 l’inarver-

1395 5085 1409 5111 ι
1430 5067 1513 5118 teum
1531 5060 1575 5118 dei
1593 5061 1693 5135 copisti
1710 5077 1726 5120 e
1742 5060 1816 5136 degli
1834 5061 2012 5136 impressori,
2026 5064 2051 5121 vi
2066 5063 2146 5121 siene
2160 5061 2267 5121 discre-

1396 5173 1409 5200 ι
1430 5149 1560 5224 paneadi
1574 5152 1650 5209 varie
1666 5151 1778 5210 lezioni.
1798 5153 1853 5210 Ora
1874 5151 2048 5226 parthenon
2067 5151 2231 5227 appigliarsi
2251 5169 2268 5210 a

1397 5264 1410 5291 s
1430 5247 1528 5314 questa
1543 5241 1652 5298 sincera
1667 5241 1701 5298 ed
1718 5242 1881 5301 eltrettento
1895 5257 1957 5300 vera
1971 5241 2105 5314 risposta,
2118 5255 2163 5298 ea
2180 5241 2268 5300 molte

1397 5353 1409 5380 υ
1429 5329 1501 5388 altre
1516 5345 1633 5401 ancora,
1649 5331 1701 5390 che
1717 5347 1836 5406 possano
1850 5330 1917 5390 farsi
1935 5330 2156 5389 evidentemente
2172 5346 2188 5388 e
2204 5345 2268 5389 sen·

1395 5442 1408 5469 ι
1429 5433 1461 5476 aa
1477 5419 1580 5492 replica
1599 5430 1698 5480 contro
1712 5421 1721 5479 i
1738 5421 1829 5480 nemci
1845 5419 1964 5493 uemici,
1978 5435 2057 5478 come
2073 5420 2267 5492 felicemente,

1397 5531 1410 5558 ι
1430 5523 1446 5566 e
1464 5507 1538 5583 dopo
1556 5525 1596 5568 un
1614 5512 1707 5570 recolo
1722 5528 1738 5570 e
1755 5525 1849 5568 mezzo
1867 5509 1903 5568 ha
1922 5509 1992 5568 fatto
2008 5509 2030 5567 il
2046 5509 2192 5583 pJEnrieo
2208 5511 2267 5567 Bu·

1396 5621 1410 5648 ν
1430 5597 1568 5674 keutopi.
1581 5643 1588 5656 .
1601 5645 1607 5659 .
1619 5602 1711 5659 Tanto
1725 5599 1742 5657 e
1757 5614 1839 5668 vero,
1853 5598 1906 5657 che
1922 5597 2130 5668 lahbriraudosi
2146 5597 2191 5656 sul
2206 5597 2269 5656 ion·

1395 5709 1409 5736 ι
1429 5685 1562 5747 damento
1582 5688 1657 5747 della
1677 5687 1780 5758 veriti,
1799 5687 1938 5746 l’ediiizio
1958 5703 2016 5747 non
2036 5687 2133 5746 crolle.
2146 5711 2160 5738 ι
2173 5691 2269 5756 (Veto

452 5797 464 5823 ι
486 5776 566 5848 piego
584 5774 656 5834 falso
675 5775 709 5834 ed
729 5776 926 5836 insussistente
943 5790 993 5852 per
1008 5777 1153 5837 diiendere
1169 5778 1324 5838 l’edizione
1395 5777 1445 5835 dei
1457 5778 1550 5836 card.
1569 5779 1724 5835 comeam
1737 5781 1886 5836 rmstonet
1903 5777 1981 5836 aella
1995 5793 2086 5836 caasa
2104 5775 2185 5835 detta
2203 5775 2268 5834 bea·

452 5887 467 5912 ν
485 5861 560 5922 delle
574 5864 674 5924 Btbhie
689 5863 720 5923 di
734 5865 809 5924 Sisto
821 5867 865 5924 V?
879 5868 915 5926 Sa
930 5869 954 5926 si
970 5866 1043 5926 iesse
1057 5877 1154 5942 questa
1170 5869 1324 5928 seminata
1397 5871 1562 5944 tffiraztoae
1579 5866 1630 5926 eet
1645 5873 1717 5928 Ven.
1733 5867 1828 5928 cord.
1844 5869 1966 5927 noento
1984 5867 2180 5941 Bettamino,
2200 5871 2268 5925 Fer·

454 5977 466 6006 u
489 5965 544 6012 oon
561 5961 636 6015 tutto
655 5955 678 6014 il
697 5954 791 6032 rigore
809 5955 884 6018 daile
903 5958 1017 6031 mittes,
1035 5973 1116 6019 come
1135 5957 1221 6020 devea
1242 5957 1326 6034 iani,
1401 5973 1476 6018 rara
1495 5963 1573 6017 176².
1589 5973 1621 6032 p.
1636 5961 1702 6028 tte.)
