4804 6692
863 523 1181 602 l’llOLllilOllllNA
1846 525 1926 602 LXV

124 673 278 780 expleto
297 697 380 752 rem
399 672 450 752 ad
468 673 701 754 umbilicum
723 673 959 756 adduxerat.
982 680 1149 760 Constat
1166 675 1209 756 id
1228 674 1429 758 evidenter
1446 704 1496 758 ex
1514 678 1603 788 ipsa
1619 706 1688 758 sua
1715 676 1927 786 ὑπογραφῇ

123 795 171 876 de
187 825 266 904 qua
284 797 466 903 proxime
483 799 681 904 superius.
706 799 931 880 Credidisse
948 801 1106 882 videtur
1128 803 1269 881 citatus
1287 803 1511 882 Ghislerius
1529 803 1580 882 ab
1599 805 1816 912 exemplari
1834 805 1928 884 huc·

123 946 246 1026 usque
271 918 469 1026 descripto
493 922 771 1000 clementinam
795 923 1009 1004 editionem
1030 926 1253 1032 principem
1273 925 1498 1006 immediate
1519 953 1762 1033 expressam:
1789 955 1927 1008 verum

122 1043 217 1122 nihil
242 1044 389 1122 minus.
417 1045 535 1124 Plura
561 1073 735 1152 namque
759 1064 853 1125 sunt
871 1049 913 1127 in
931 1075 980 1127 eo
999 1047 1137 1128 codice
1160 1049 1488 1129 annotationibus
1505 1051 1539 1128 T
1541 1051 1633 1130 oleti
1657 1051 1922 1158 locupletato,

123 1193 223 1274 quae
250 1168 357 1273 typis
386 1166 541 1248 edenda
569 1197 653 1248 non
681 1186 815 1251 erant:
843 1187 928 1249 tum
956 1173 1073 1250 etiam
1098 1172 1224 1250 multo
1247 1171 1366 1279 plura
1392 1198 1444 1252 ex
1471 1171 1816 1253 emendationibus
1840 1201 1927 1276 gre·

122 1291 293 1398 gorianis
321 1289 483 1371 desunt:
511 1295 552 1371 in
575 1293 636 1372 his
658 1294 853 1373 librorum
878 1323 1080 1375 sacrorum
1103 1295 1206 1374 tituli
1228 1295 1482 1394 restauratio,
1508 1324 1727 1404 recensque
1754 1299 1926 1376 versicu-

122 1414 248 1492 lorum
273 1411 416 1492 divisio
441 1431 565 1521 atque
585 1417 754 1494 numeri.
780 1416 950 1496 Facilius
976 1417 1019 1496 iu
1046 1417 1221 1498 animum
1246 1418 1480 1500 inducerem
1502 1421 1729 1526 typothetae
1746 1420 1816 1503 illo
1835 1449 1927 1500 usos

123 1536 236 1616 tuisse
255 1535 393 1617 codice
412 1539 483 1646 qui
502 1539 545 1616 in
565 1539 741 1646 angelica
764 1539 1005 1620 bibliotheca
1026 1556 1270 1638 asservatur,
1292 1558 1331 1622 et
1351 1571 1376 1620 a
1397 1542 1515 1622 nobis
1536 1545 1791 1650 paragrapho
1813 1545 1922 1622 Xlll.

123 1659 342 1768 descriptus
374 1659 448 1739 fuit
473 1663 543 1767 (1).
575 1663 730 1742 Etenim
758 1665 800 1742 in
829 1691 901 1758 eo,
931 1681 1089 1772 praeter
1116 1665 1383 1746 correctiones
1413 1667 1616 1746 universas
1643 1696 1665 1746 a
1693 1667 1927 1775 gregoriana

124 1781 435 1889 Congregatioue
458 1783 657 1883 decretas,
683 1783 1041 1892 deprehenduntur
1065 1787 1160 1865 novi
1184 1786 1380 1867 librorum
1405 1789 1527 1883 tituli,
1554 1817 1741 1896 novaque
1764 1788 1927 1868 inducta

124 1908 405 1986 versiculorum
433 1911 613 2018 partitio,
639 1927 762 2017 prout
788 1911 830 1988 in
858 1910 1093 1988 clementina
1120 1911 1204 2017 ipsa
1232 1910 1421 1990 editione.
1449 1912 1569 1991 Manu
1599 1911 1761 2020 quidem
1785 1912 1926 2020 Angeli

123 2031 295 2127 lloccae,
321 2031 389 2112 sed
417 2035 561 2140 partim
588 2061 637 2112 ex
663 2033 870 2114 laboribus
889 2033 1020 2112 Toleti
1047 2033 1122 2112 hae
1145 2039 1423 2114 annotationes
1451 2053 1682 2144 corrogatae
1705 2053 1798 2116 sunt
1825 2065 1927 2116 mar-

124 2156 361 2264 ginibusque
384 2157 546 2255 allixae3
568 2175 608 2237 et
629 2187 724 2236 vero
744 2157 1008 2237 distinctionis
1026 2157 1152 2263 gratia
1171 2159 1376 2237 nonnullis
1395 2187 1442 2236 ex
1463 2160 1524 2238 bis
1548 2160 1667 2264 siglae
1684 2163 1731 2240 P.
1748 2160 1796 2238 T.
1814 2188 1928 2269 prae-

124 2277 312 2384 figuntur.
343 2282 457 2380 Quae
485 2281 648 2388 quidem
675 2310 737 2360 res
765 2280 1004 2360 obscuritate
1032 2277 1206 2387 quadam
1235 2298 1350 2359 antea
1378 2310 1467 2360 cum
1496 2281 1715 2378 laboraret,
1742 2310 1837 2381 nos,
1862 2311 1926 2363 ve·
2045 2312 2048 2318 ¹

124 2400 193 2479 luti
217 2403 461 2499 divinando,
482 2409 609 2486 Pater
632 2407 813 2501 Tolerus,
839 2404 1059 2510 significare
1081 2433 1198 2512 posse
1225 2405 1403 2484 arbitrati
1431 2433 1586 2486 stamus:
1609 2433 1741 2513 neque
1763 2407 1923 2488 frustra.

125 2526 217 2605 Cum
236 2528 342 2605 enim
362 2527 492 2607 Toleti
513 2527 687 2608 codicem
710 2530 750 2606 in
771 2530 950 2607 vaticana
978 2529 1304 2635 inspexissemus,
1327 2546 1417 2636 post
1437 2531 1661 2609 institutum
1684 2530 1928 2636 singularum

126 2650 413 2730 correctionum
437 2680 623 2748 exauten,
645 2649 999 2757 deprehendimus,
1021 2654 1193 2732 Roccam
1217 2653 1435 2760 peculiares
1453 2681 1475 2730 a
1494 2652 1635 2732 Toleto
1659 2653 1848 2732 lectiones
1868 2653 1928 2732 in-

126 2771 259 2853 ductas
284 2781 412 2883 (quas
435 2778 689 2856 clementinas
717 2777 926 2878 vocamus)
950 2776 1001 2855 ab
1031 2777 1100 2856 illo
1126 2778 1341 2883 exemplari
1368 2778 1627 2882 excerpsisse,
1654 2775 1928 2884 indidisscque

127 2924 193 2976 suo
211 2899 288 2978 sub
309 2899 536 2978 huiusmodi
556 2898 725 2978 duarum
744 2900 946 2978 literarum
967 2916 1078 2978 uota.
1101 2899 1198 2978 Veri
1224 2901 1318 2978 hinc
1338 2899 1576 2977 simillimum
1599 2899 1800 2994 ducimus,
1822 2900 1927 2979 istud

126 3023 318 3127 angelicae
342 3023 608 3102 bibliothecae
637 3024 841 3128 exemplar
868 3013 1180 3130 typographicae
1208 3023 1507 3128 compositioni,
1530 3051 1626 3129 prae
1650 3024 1738 3122 illo,
1761 3021 1927 3131 deputa·

127 3159 202 3222 tum
221 3146 358 3225 fuisse.
384 3146 682 3254 Quodcumque
707 3147 865 3225 demum
889 3147 1009 3224 fuerit
1032 3147 1300 3251 authographi
1324 3144 1577 3251 imprimendi
1601 3147 1822 3253 exemplar,
1850 3147 1927 3227 hoc

127 3286 212 3346 aute
234 3269 368 3348 omnia
388 3296 460 3376 per
483 3267 585 3348 duos
605 3267 831 3348 Cardinales
851 3269 1118 3374 Augustinunt
1138 3268 1340 3346 Valerium
1360 3285 1399 3347 et
1418 3267 1651 3347 Fedcricum
1669 3268 1928 3352 Borromeum

129 3417 273 3472 summo
298 3393 500 3488 Pontifici,
522 3395 637 3473 cuius
660 3409 744 3472 erat
769 3395 1003 3474 auctoritate
1028 3392 1247 3488 edendum,
1272 3393 1448 3474 oblatum
1472 3392 1724 3472 initiarum
1747 3422 1798 3472 ne
1824 3423 1927 3501 opus

129 3531 301 3621 optatum
322 3515 440 3593 smem
458 3515 610 3595 videret
633 3545 761 3595 novae
786 3545 916 3596 morae
937 3545 1039 3596 sese
1059 3517 1259 3596 obtulerat
1279 3516 1452 3608 occasio,
1476 3515 1550 3594 nisi
1569 3515 1780 3594 Clementis
1804 3517 1928 3622 ipsius

114 3637 333 3742 prudentia
365 3636 573 3717 demedio
604 3639 758 3718 sublata
788 3639 938 3720 suisset.
970 3643 1120 3719 Ductor
1153 3636 1347 3746 siquidem
1379 3638 1575 3719 Valverde
1605 3639 1822 3745 hispanus,
1855 3641 1927 3746 qui

131 3760 217 3839 iude
241 3763 321 3840 iam
342 3791 365 3840 a
387 3763 499 3840 Sixto
522 3763 574 3839 V.
597 3765 803 3843 consultor
826 3765 955 3842 fuerat
977 3791 1180 3844 sacrorum
1204 3761 1423 3842 Bibliorum
1447 3761 1795 3867 Congregatiouis;
1817 3778 1856 3840 et
1878 3759 1928 3840 de

224 4035 261 4099 (t)
278 4030 474 4090 Oiiiciuatores
483 4030 626 4102 librarios,
637 4033 685 4103 qui
698 4031 897 4090 clementinam
911 4034 986 4106 ptin-

130 4117 209 4188 cipem
224 4119 376 4176 editionem
394 4130 542 4188 curarunt,
557 4137 605 4192 pro
621 4121 771 4194 archetypo
788 4121 919 4180 habuisse
932 4124 987 4178 sir·

130 4205 210 4262 buum
228 4209 383 4266 Bibliorum
401 4211 557 4282 exemplar,
570 4210 645 4282 quod
666 4213 695 4267 iu
715 4211 883 4268 bibliotheca
902 4227 989 4284 ange·

130 4291 175 4350 lica
191 4296 364 4364 adservatur,
378 4300 630 4369 exploratissimum
649 4299 731 4356 nobis
745 4308 796 4356 est.
811 4302 898 4370 Nam,
911 4316 987 4372 prae·

130 4392 167 4440 ter
178 4403 206 4444 ca
218 4404 287 4460 quae
300 4388 337 4444 ab
347 4389 512 4458 Uogareliio
529 4389 722 4461 proferuntur,
735 4390 887 4458 singularia
903 4391 987 4448 huius

130 4473 224 4532 codicis
243 4476 375 4535 adiuncta
397 4477 427 4534 id
448 4481 565 4534 omniuo
584 4478 714 4536 suadent.
737 4479 829 4536 Primo
847 4480 922 4536 enirn
943 4481 988 4536 iu·

131 4577 236 4622 numera
256 4574 367 4624 exstant
386 4566 497 4636 vestigia
519 4582 592 4638 quae
610 4565 805 4624 demonstrant
823 4567 901 4624 illius
920 4566 986 4624 folia

131 4651 157 4706 in
174 4669 251 4710 usum
266 4655 353 4714 luisse
373 4655 518 4714 homiuum
534 4657 583 4728 qui
600 4665 680 4729 typos
696 4655 916 4727 componebant,
928 4657 989 4727 qui·

130 4755 178 4812 que
195 4745 391 4802 clementinam
411 4745 562 4802 editionem
582 4743 726 4816 parabant.
746 4744 889 4816 Siquidem
910 4753 988 4817 typo-

132 4832 234 4902 graphi,
246 4842 279 4890 ut
290 4833 396 4902 solem,
413 4833 480 4892 iulia
495 4833 634 4905 dispartiri
650 4843 717 4890 sunt
733 4849 820 4904 eaque
834 4832 907 4890 haud
926 4847 989 4890 rato

35 4939 41 4946 ·
132 4923 384 4990 commacularetur
406 4923 483 4980 locos
503 4922 534 4979 in
558 4938 629 4993 quos
647 4921 797 4979 cuiuslibet
819 4921 879 4978 lolii
904 4937 990 4980 novae

132 5006 251 5068 editionis
271 5011 383 5068 initium
403 5019 454 5068 aut
472 5011 536 5067 linis
555 5010 711 5080 incidebat,
730 5011 838 5068 calamo
856 5009 987 5081 designa·

133 5109 200 5156 mut.
218 5101 290 5172 Quid
310 5103 408 5175 plura?
420 5119 507 5175 quum
526 5102 714 5176 typographus
730 5101 767 5159 ad
787 5101 870 5158 Ercii.
887 5103 948 5168 Vii,
963 5107 990 5158 6.

134 5191 307 5259 pervenisset,
327 5201 411 5262 atque
429 5191 466 5248 de
483 5191 679 5248 emendatione
699 5205 714 5246 a
736 5189 899 5246 censoribus
917 5189 990 5246 iacta

133 5273 281 5348 dubitaret,
303 5279 470 5338 intermissis
493 5280 645 5352 operibus,
669 5279 767 5336 solium
791 5279 828 5336 ad
849 5279 990 5350 Angelum

134 5365 215 5422 ilocca
233 5369 354 5436 remisit,
369 5369 476 5428 adiecta
496 5368 600 5426 ibidem
618 5368 671 5424 hac
690 5376 771 5424 nota:
788 5369 899 5424 Vcdcvt
917 5383 947 5422 se
964 5369 990 5422 si

134 5452 196 5508 deae
208 5454 279 5524 sore
296 5458 437 5528 agilitate,
454 5473 559 5514 ovacra
576 5457 725 5528 aequitate.
746 5459 840 5527 Hoggt
857 5471 913 5510 aaa
932 5457 957 5508 si
976 5454 991 5510 d

131 5547 225 5610 potato
248 5553 408 5617 stampato.
428 5545 584 5602 Dubitandi
611 5545 681 5602 ratio
707 5543 772 5602 iude
791 5543 888 5600 oborta
914 5550 989 5610 erat,

136 5634 201 5703 quod
216 5651 303 5707 quum
318 5639 412 5694 sixtus
428 5635 563 5694 edidisset
578 5635 730 5706 agilitate,
745 5635 774 5688 in
791 5633 843 5688 boc
855 5633 992 5704 exempla·

136 5721 156 5774 ri
175 5725 295 5794 Angelus
314 5729 404 5782 iiocca
425 5726 516 5796 primo
533 5724 729 5782 emendaverat
746 5721 870 5778 scribens
890 5725 989 5790 nepot·

138 5813 205 5880 icte,·
219 5829 278 5870 mox
295 5813 400 5870 ibidem
412 5813 536 5872 secunda
556 5829 656 5870 uranus
670 5813 830 5870 restituerat
842 5809 993 5881 agilitate5

138 5895 242 5960 demunt
258 5905 337 5960 tertia
354 5921 456 5984 manus
472 5905 651 5977 rescripserat
666 5905 828 5976 acquitate,
843 5901 881 5957 ita
896 5906 991 5958 nmen

320 6001 403 6076 lori.
429 6003 456 6074 l.

1058 4041 1092 4092 ut
1109 4050 1166 4092 nou
1184 4035 1253 4092 satis
1268 4039 1414 4104 appareret
1428 4045 1566 4103 quaenam
1583 4029 1665 4088 lectio
1682 4028 1827 4086 retinenda
1843 4036 1924 4085 esset.

1059 4122 1143 4179 Aliud
1159 4123 1253 4178 simile
1267 4120 1386 4177 dubium
1404 4118 1439 4176 ad
1458 4118 1542 4174 Eccli.
1556 4117 1610 4184 Li,
1625 4123 1666 4174 ta.
1680 4114 1853 4190 typographo
1869 4129 1926 4171 mo

1061 4227 1121 4268 ram
1139 4211 1244 4266 attulit.
1265 4210 1328 4266 Alia
1347 4208 1430 4264 huius
1448 4208 1559 4278 generis
1575 4206 1655 4277 plura
1671 4205 1842 4272 omittimus,
1856 4217 1927 4275 quae

1058 4299 1200 4356 suisiocis
1219 4295 1383 4370 proterenda
1401 4305 1493 4354 erunt.
1506 4297 1592 4352 Recte
1606 4295 1692 4365 igitur
1709 4295 1786 4350 huuc
1802 4291 1927 4350 codicem

1058 4389 1274 4461 typographicae
1289 4387 1486 4458 compositioni
1504 4384 1669 4457 deputatum
1686 4382 1771 4440 fuisse
1786 4380 1926 4454 Ungarei·

1059 4476 1115 4532 lius
1139 4477 1303 4533 autumavit.
1325 4479 1363 4530 lit
1385 4473 1478 4530 miuus
1500 4488 1561 4530 vere
1581 4471 1692 4530 censuit
1711 4470 1841 4528 eumdem
1863 4483 1926 4542 gre·

1059 4567 1189 4637 gorianae
1212 4564 1437 4636 congregationis
1461 4570 1559 4636 typum
1585 4575 1654 4620 esse.
1681 4557 1926 4632 Quemadmodum

1060 4656 1150 4724 euim,
1166 4657 1226 4726 ipso
1244 4662 1374 4710 rnoneute
1391 4653 1568 4722 ngareliio,
1582 4668 1614 4708 ex
1630 4652 1705 4707 nobs
1721 4648 1811 4706 Toleti
1826 4647 1856 4704 iu
1874 4645 1928 4702 boc

1059 4761 1111 4800 suo
1130 4743 1226 4800 codice
1246 4745 1337 4800 Ilocca
1356 4741 1540 4798 clementinas
1559 4740 1744 4798 correctiones
1763 4735 1927 4808 descripsit,

1060 4835 1099 4890 ita
1116 4849 1147 4891 ex
1165 4833 1260 4890 codice
1278 4832 1453 4888 colomnensi
1471 4836 1573 4902 (quem
1590 4829 1657 4886 aiibi
1673 4824 1928 4884 demonstrabimus

1061 4938 1155 4978 verum
1177 4937 1236 4978 esse
1257 4922 1437 4992 gregorianae
1457 4918 1682 4992 congregationis
1702 4913 1928 4987 autographum)

1060 5009 1268 5068 emendationes
1286 5010 1465 5080 gregorianas
1485 5007 1629 5078 excerpsit.
1651 5006 1777 5076 Denique
1798 5000 1929 5058 animad-

1063 5101 1195 5156 vertimus
1217 5099 1294 5156 hunc
1314 5096 1438 5154 codicem
1459 5111 1515 5152 non
1536 5095 1679 5152 universas
1698 5092 1815 5150 omniuo
1835 5104 1926 5148 corre·

1062 5191 1168 5248 ctioues
1180 5187 1364 5245 clementinas
1380 5194 1408 5242 et
1423 5186 1603 5257 gregorianas
1617 5183 1754 5239 exhibere.
1768 5181 1840 5238 Nam
1857 5194 1928 5234 non·

1062 5278 1157 5335 nullae
1179 5283 1247 5332 suut
1270 5275 1480 5332 emendationes
1506 5287 1522 5328 a
1547 5271 1643 5328 Toleto
1669 5271 1699 5326 iu
1727 5269 1927 5328 clementinam

1061 5367 1211 5424 editionem
1229 5365 1324 5420 illatae
1343 5367 1402 5435 ipso
1420 5372 1543 5434 tempore
1559 5377 1615 5432 quo
1631 5357 1727 5416 eadem
1747 5357 1841 5430 praelo
1859 5354 1926 5412 sub·

1063 5455 1229 5520 liciebatur,
1251 5469 1322 5525 quae
1345 5451 1462 5524 proinde
1484 5449 1559 5522 apud
1578 5451 1699 5506 Roccam
1722 5446 1925 5503 desiderantur.
1944 5449 1946 5454 '

1062 5545 1141 5600 Aliae
1160 5559 1221 5599 vero
1242 5557 1344 5613 paucae
1363 5557 1394 5596 ex
1415 5539 1587 5610 gregorianis
1604 5533 1822 5594 correctionibus
1839 5543 1926 5603 qaum

1063 5631 1098 5690 ab
1111 5633 1169 5702 ipso
1181 5633 1288 5700 Rocra,
1301 5629 1368 5686 dunt
1384 5630 1507 5686 codicem
1520 5627 1730 5684 columnensem
1744 5619 1925 5682 describeret,

1061 5723 1174 5779 incaute
1196 5719 1442 5791 imprudenterque
1464 5717 1672 5788 praetermissae
1692 5713 1811 5768 luissent
1830 5707 1927 5782 (quod

1064 5811 1094 5866 iu
1116 5809 1220 5866 uostris
1241 5808 1431 5866 notationibus
1456 5813 1612 5878 opportune
1637 5797 1926 5866 demonstrabimus).

1062 5899 1198 5958 hactenus
1216 5897 1310 5956 lucem
1330 5895 1454 5954 noudum
1474 5893 1668 5966 adspexerant.

1719 6014 1731 6054 s
