4750 6694
1139 517 1383 595 atratinus
1406 517 1595 597 cuncus

1101 669 1104 676 ’
1243 712 1414 790 ctrnr
1443 715 1484 790 v.

908 867 1056 948 Sancti
1081 869 1225 950 Patres
1250 887 1289 948 et
1314 864 1573 951 ecclesiastici
1596 867 1838 976 scriptores„
1953 955 1968 965 ,,
2021 921 2024 930 =
2050 949 2053 956 .

571 1040 761 1122 Veterum
792 1059 952 1150 patrum
979 1060 1019 1123 et
1045 1042 1255 1124 doctorum
1286 1068 1409 1152 opera
1439 1061 1525 1124 tom
1556 1046 1716 1126 crebras
1745 1041 1964 1128 Bibliorum
1991 1043 2270 1155 'expositiones

465 1165 804 1273 complectuntur,
824 1181 911 1244 tum
932 1162 1089 1245 biblieis
1106 1166 1407 1270 allegationibus
1423 1167 1523 1248 adeo
1541 1167 1685 1249 referta
1703 1185 1818 1266 sunt,
1842 1187 1888 1250 ut
1904 1171 1953 1250 iis
1970 1195 2098 1279 paene
2119 1170 2270 1252 redun-

465 1287 560 1368 dare
585 1288 811 1368 videantur.
837 1291 895 1366 Ex
919 1305 1091 1408 utroque
1115 1307 1247 1369 autem
1265 1292 1399 1397 capite
1419 1291 1567 1371 criticis
1589 1294 1733 1372 nostris
1756 1295 2038 1373 controversiis
2057 1293 2272 1402 plurimam

466 1413 594 1492 lucem
612 1411 669 1490 iili
687 1411 890 1519 porrigere
907 1429 1079 1519 queunt.
1102 1412 1313 1493 Enimvero
1331 1412 1428 1492 dum
1445 1412 1602 1493 divinos
1619 1407 1744 1495 libros
1764 1413 2015 1524 explanando
2035 1415 2127 1496 dats
2146 1443 2272 1525 opera

465 1537 799 1642 interpretantur,
819 1537 1212 1644 praeterquamquod
1234 1539 1345 1644 ipsos
1363 1555 1516 1617 veteres
1536 1537 1712 1630 codices,
1733 1565 1837 1646 quos
1859 1539 2129 1646 usurpabant,
2151 1540 2272 1622 nobis

466 1660 510 1738 in
537 1686 673 1739 omnes
700 1676 832 1767 partes
864 1677 1187 1766 repraesentant;
1218 1677 1373 1740 nostrus
1404 1661 1657 1769 (piaestiones
1683 1657 1793 1743 haud
1825 1685 1917 1742 raro
1943 1680 2268 1771 praeoccupant,

466 1782 703 1890 easdemque
726 1782 777 1862 ad
796 1783 914 1863 iidem
935 1784 1300 1892 antiquissimorum
1323 1786 1482 1864 testium
1508 1780 1764 1892 expendunt:
1791 1813 1866 1864 nec
1889 1810 2063 1865 summae
2090 1787 2272 1892 ignaviae

466 1923 606 1986 notam
628 1906 837 2013 effugeret,
862 1908 934 2014 qui
962 1925 1139 1987 veterum
1167 1908 1326 1986 illorum
1341 1899 1566 1988 ¹sententias
1590 1904 1670 1988 tem
1696 1907 1871 1991 dilucide
1893 1910 2069 2014 prolatas
2096 1907 2270 2018 neglige·

467 2047 547 2128 ret,
573 2049 643 2109 aut
669 2030 842 2136 optimos
868 2046 985 2109 testes
1012 2031 1055 2109 in
1083 2057 1126 2112 re
1152 2029 1289 2111 critica
1316 2031 1588 2139 posthaberet.
1617 2035 1722 2110 Dum
1749 2057 1846 2114 vero
1874 2057 1949 2139 pro
1976 2057 2020 2112 tc
2047 2050 2141 2114 nata
2166 2033 2272 2113 Scri·

462 2167 673 2258 pturarum
699 2153 922 2231 testimonia
949 2153 1181 2261 proferunt,
1206 2178 1291 2233 non
1318 2154 1505 2262 equidem
1534 2181 1711 2263 semper,
1738 2172 1779 2235 ut
1805 2173 1912 2236 certe
1938 2157 2177 2265 plerumque
2204 2157 2274 2238 illa

465 2275 516 2354 ad
537 2276 708 2356 litteram
730 2277 898 2356 recitant
916 2295 1038 2383 prout
1055 2279 1098 2355 in
1117 2279 1293 2385 ipsorum
1310 2273 1605 2386 exemplaribus
1626 2277 1883 2386 legebantur;
1904 2280 1959 2359 its
1978 2296 2024 2358 ut
2046 2280 2273 2386 priscorum

466 2399 648 2480 codicum
666 2402 791 2508 ipsam
809 2403 1015 2481 lectionem
1041 2401 1159 2481 nobis
1181 2397 1411 2482 exhibeant.
1438 2405 1488 2482 Et
1511 2427 1606 2482 sune
1628 2427 1676 2481 ex
1699 2419 1834 2482 nostra
1855 2403 2069 2484 collatione
2090 2403 2274 2482 luculen-

465 2525 610 2604 tissime
637 2526 810 2632 patebit,
831 2525 1132 2632 innumerisque
1157 2526 1349 2632 exemplis
1373 2517 1673 2607 confirmabitur
1694 2526 1811 2629 plura
1833 2549 1917 2604 esse
1939 2523 2158 2618 bibliorum
2184 2521 2274 2605 loca

464 2649 505 2726 in
533 2664 694 2764 patrum
721 2648 932 2755 operibus,
958 2675 1063 2755 quae
1087 2675 1217 2755 quum
1244 2673 1265 2726 a
1293 2650 1493 2727 communi
1521 2651 1761 2756 vulgataque
1784 2645 1978 2730 hodierna
2003 2647 2182 2728 editione
2208 2673 2274 2729 re-

466 2772 674 2874 cederent,
702 2789 772 2853 aut
796 2793 999 2880 tamquam
1027 2772 1078 2852 ad
1104 2763 1262 2852 sensum
1288 2773 1463 2880 prolata,
1489 2789 1559 2852 aut
1579 2791 1780 2880 suspecta,
1806 2791 1876 2852 aut
1897 2767 2274 2881 vitiosa'perpcrsm

457 2895 736 2994 ‘habebantur3
761 2924 949 3005 quaeque
976 2922 1085 2977 nunc
1108 2895 1267 2976 demum
1290 2922 1339 2975 ex
1365 2897 1619 2976 nobilissimis
1638 2897 1859 2978 Bibliorum
1884 2896 2091 2976 codicibus
2110 2896 2162 2977 ad
2183 2925 2275 2977 ver·

464 3018 562 3098 bum
588 3021 811 3101 fidelissime
830 3048 852 3099 a
870 3021 1054 3129 patribus
1080 3011 1278 3128 descripta
1296 3020 1415 3099 inisse
1442 3045 1486 3100 re
1511 3023 1596 3128 ipsa
1614 3021 1825 3100 constabit.
1851 3019 2110 3128 Quapropter
2131 3020 2275 3100 Ancal-

466 3141 541 3221 dus
567 3144 641 3250 qui
668 3145 710 3221 in
738 3143 841 3222 libro
863 3144 912 3221 de
933 3143 1181 3222 authenticis
1204 3168 1413 3221 secuerunt
1434 3143 1740 3252 Scripturarrcm
1763 3145 1881 3254 opud
1896 3171 1950 3223 ss.
1972 3149 2115 3224 Patres
2139 3144 2274 3224 lectio-

468 3266 589 3345 nibus
615 3267 762 3345 nimius
794 3267 875 3346 fere
903 3269 1030 3345 estin
1058 3264 1329 3371 exaggeranda
1356 3266 1580 3373 integritate
1610 3267 1825 3347 verborum
1854 3291 1988 3348 sacrae
2010 3267 2273 3375 Scripturas,

467 3416 571 3496 quae
597 3390 707 3499 apud
734 3407 885 3470 veteres
910 3391 1125 3497 scriptores
1150 3381 1390 3484 occumunt,
1417 3391 1570 3497 quique
1590 3392 1632 3469 in
1654 3416 1745 3499 cap.
1767 3391 1875 3469 Vlll.
1896 3392 1989 3471 libri
2017 3389 2135 3498 primi
2155 3419 2277 3499 aegre

466 3515 599 3622 potuit
622 3516 822 3624 specimen
843 3515 1006 3596 minime
1028 3515 1237 3622 copiosum
1260 3513 1453 3593 exhibere
1474 3514 1691 3593 lectionum
1709 3513 1819 3622 apud
1839 3507 2045 3622 patres'ab
2067 3513 2278 3596 hodiernis

466 3638 729 3735 diversarum,
751 3665 856 3747 quae
881 3665 974 3717 cum
1001 3637 1282 3746 antiquissimis
1302 3636 1522 3716 Bibliorum
1548 3637 1755 3717 codicibus
1781 3639 1901 3745 plane
1925 3655 2171 3734 consonant,
2194 3639 2278 3718 iam

466 3761 671 3871 complura
697 3779 866 3843 centena
893 3762 1073 3869 exempla
1099 3759 1151 3842 ad
1177 3789 1288 3841 snam
1314 3763 1548 3842 sententiam
1564 3755 1846 3842 adsermdaml
1861 3762 1903 3840 in
1931 3772 2123 3870 promptu
2150 3762 2277 3843 babe-

463 3905 528 3967 ret
548 3889 622 3992 (r).
644 3887 701 3966 Ex
727 3887 801 3966 hac
823 3903 956 3966 autem
978 3913 1182 3966 sacrorum
1202 3885 1389 3966 codicum
1407 3902 1447 3965 et
1469 3903 1628 3994 patrum
1652 3887 1775 3966 amica
1798 3886 2116 3993 conspiratione,
2136 3886 2279 3966 lectio·

460 4033 536 4092 'nes
560 4010 781 4091 Bibliorum
806 4028 848 4091 et
873 4037 995 4118 opera
1021 4029 1179 4120 patrum
1211 4029 1348 4090 mutua
1375 4011 1464 4090 luce
1495 4009 1596 4089 adeo
1627 4010 1791 4092 mirifice
1819 4010 2092 4106 illustrantur,
2123 4027 2170 4090 ot
2201 4011 2278 4118 qui

466 4137 633 4244 posthae
649 4137 863 4215 latinorum
886 4151 1045 4243 patrum
1066 4121 1207 4243 opera,
1234 4138 1278 4217 in
1300 4135 1448 4242 quibus
1470 4135 1593 4214 multa
1613 4125 1748 4214 adhuc
1771 4127 2010 4243 expolienda
2036 4151 2277 4242 supersunt,

466 4261 518 4341 ad
541 4262 717 4341 criticam
743 4277 865 4340 artem
886 4263 1042 4367 exigere
1065 4260 1216 4358 volent,
1239 4260 1454 4338 maximum
1477 4259 1558 4338 sibi
1580 4259 1892 4338 emolumentum
1918 4260 1960 4337 in
1988 4260 2136 4338 nostris
2155 4263 2280 4340 variis

465 4385 704 4465 lectionibus
723 4400 904 4491 paratum
923 4407 1005 4462 esse
1028 4383 1267 4488 intelligant:
1289 4399 1330 4464 et
1349 4383 1519 4461 vicissim
1541 4373 1702 4490 Vul'gati
1720 4383 1928 4465 varietates
1940 4407 1992 4461 ex
2010 4379 2156 4461 eisdem
2180 4409 2280 4491 ope

466 4509 578 4588 ribus
595 4509 733 4587 maiori
753 4503 886 4586 adhuc
903 4505 1101 4614 praesidio
1119 4506 1347 4586 fulciantur.
1373 4503 1419 4585 ld
1438 4496 1535 4586 vero
1554 4533 1629 4584 nos
1647 4506 1756 4584 ornni
1780 4503 2022 4584 confidentia
2040 4505 2277 4606 asserimus;

467 4635 716 4739 compertum
736 4631 840 4709 enim
863 4630 1056 4710 habemus
1080 4631 1335 4737 quamplures
1358 4631 1575 4736 singulares
1597 4631 1788 4709 lectiones
1810 4654 1914 4736 quae
1937 4629 1980 4706 in
2003 4644 2182 4710 veterum
2208 4659 2280 4740 pa-

455 4773 574 4834 ·trum
597 4753 888 4858 doctorumque
914 4753 1105 4859 operibus
1129 4741 1390 4833 servabantur
1410 4753 1580 4862 perinde
1601 4777 1646 4834 ac
1670 4754 1713 4832 in
1736 4747 2033 4861 antiquioribus
2053 4749 2281 4834 Bibliorum

1406 4931 1486 5001 cula,
1499 4931 1691 5004 apostolorum
1707 4930 1827 5004 scripta,
1840 4927 1895 4988 fide
1908 4929 2034 5003 integra,
2048 4927 2197 4990 devotione
2213 4949 2282 4990 con·

1405 5037 1490 5095 grus,
1510 5029 1543 5078 nt
1560 5018 1592 5076 in
1612 5019 1781 5078 authenticis
1801 5015 1882 5075 libris
1900 5019 2096 5090 reperiuntur,
2116 5019 2283 5078 incommu-

573 4938 610 5002 (t)
628 4935 741 4990 Veteres
762 4931 889 4989 doctores
913 4931 1064 4988 maximam·
1086 4929 1211 5006 posuisse
1235 4949 1334 4991 euram

467 5007 697 5094 diligentiamque
714 5022 745 5077 in
760 5017 943 5080 custodienda
958 5009 1115 5078 ¹Bibliorum
1134 5023 1271 5093 puritate,
1291 5019 1334 5078 ln·

466 5111 593 5170 numeris
611 5110 780 5171 testimoniis
799 5109 985 5168 demounmi
1005 5117 1104 5182 potest.
1125 5109 1168 5169 Ad
1187 5127 1247 5170 rem
1266 5127 1336 5170 nos·

467 5205 540 5256 tram
560 5196 682 5258 sufficiat
700 5213 731 5256 ea
750 5196 873 5272 prolerre
891 5214 963 5271 quae
979 5197 1065 5256 habet
1082 5200 1174 5256 Berno
1192 5198 1335 5270 arusiensis

467 5287 519 5355 (in
540 5285 690 5360 Puiroioy.
713 5289 781 5343 ium.
805 5289 924 5343 CXLH.
945 5285 998 5343 coi.
1022 5291 1101 5343 tito.
1114 5291 1144 5353 ):
1167 5287 1335 5344 «Debemus

467 5375 555 5450 igitur
571 5389 666 5436 sacrae
682 5375 843 5448 Scripturas
860 5377 962 5433 seriem
981 5373 1098 5431 tirmiter
1115 5381 1209 5431 tenere
1223 5389 1257 5430 ac
1274 5374 1336 5431 eins

466 5475 595 5527 noctem
621 5467 651 5524 in
676 5465 809 5524 omnibus
834 5465 1033 5544 iuviolabiliter
1056 5463 1219 5533 obsermre,
1244 5471 1336 5522 atun-

467 5555 566 5614 dentes
584 5553 791 5628 quodquidam
807 5553 919 5625 sapiens
935 5552 1067 5610 admonet
1082 5551 1192 5609 diceus:
1208 5549 1337 5608 Prudens

465 5643 570 5712 lector,
588 5657 701 5715 semper
716 5657 780 5699 cave
802 5641 1023 5714 superstitiosam
1048 5639 1281 5711 intelligentiam,
1302 5647 1336 5697 ut

468 5747 526 5792 non
544 5741 595 5792 tuo
612 5733 709 5792 ramni
728 5739 895 5805 attemperm
914 5731 1086 5802 scripturas,
1104 5731 1256 5803 Scriptum
1272 5745 1337 5790 ssu·

467 5837 532 5880 sum
546 5831 628 5881 muru
640 5815 788 5896 adiungas.
802 5823 891 5897 igitur
903 5819 1132 5879 constituendum
1149 5828 1192 5878 est
1207 5827 1241 5877 ut
1255 5835 1334 5878 sacra

467 5911 612 5985 Evangelii
632 5913 733 5986 rerba,
753 5911 975 5988 patriarcharum
996 5927 1029 5970 ac
1050 5909 1250 5986 prophetarum
1270 5926 1335 5970 ora·

1408 5109 1533 5170 obitur
1543 5125 1700 5179 summus,
1714 5105 2091 5180 remotiusculam,
2104 5121 2157 5166 noc
2169 5107 2284 5181 aliquid

1407 5197 1556 5264 addentes,
1572 5213 1625 5253 uec
1643 5196 1803 5265 dementer,
1821 5211 1873 5252 nec
1891 5202 2048 5265 mutantes,
2066 5196 2091 5254 si
2109 5195 2229 5253 velimus
2249 5197 2285 5253 il·

1409 5286 1467 5342 lam
1494 5283 1742 5341 comminationem
1769 5281 1883 5340 evadere
1908 5297 1994 5355 quam
2018 5281 2140 5356 Spiriurs
2164 5291 2284 5340 sanctus

1407 5376 1485 5432 iuxta
1504 5373 1591 5430 inam
1610 5361 1932 5453 apocdypslsttixli,
1952 5377 1998 5430 ts.
2019 5373 2086 5440 19.)
2102 5369 2214 5430 ridstnr
2233 5373 2284 5430 in·

1408 5472 1531 5524 unere:
1551 5465 1582 5522 Sl
1603 5466 1667 5538 quis
1689 5463 1861 5536 ndcosuertt
1881 5461 1924 5520 nd
1941 5461 2030 5530 inec,
2049 5465 2178 5534 apponet
2199 5465 2284 5520 Dens

1407 5546 1597 5627 superillitus
1614 5551 1723 5628 placas
1740 5553 1868 5623 scriptos
1887 5553 1918 5607 in
1937 5549 2012 5610 libro
2032 5551 2105 5619 isto;
2123 5551 2152 5605 ei
2168 5554 2197 5606 st·
2216 5553 2284 5622 quis

1406 5643 1634 5702 detinueritis
1651 5642 1748 5700 subn
1767 5639 1839 5696 libri
1850 5639 2024 5714 prophetiae
2045 5639 2146 5710 tutus,
2165 5637 2287 5711 nutent

1408 5737 1489 5790 Dm
1501 5735 1623 5806 partem
1642 5731 1704 5790 citu
1721 5729 1758 5788 ds
1778 5729 1854 5791 utro
1872 5731 1951 5790 atae
1967 5733 1998 5788 et
2014 5731 2134 5788 aetna
2154 5733 2282 5800 romu,

1405 5825 1436 5879 et
1451 5821 1488 5878 de
1503 5821 1549 5876 lits
1564 5835 1639 5892 quae
1653 5820 1721 5874 sunt
1734 5821 1847 5892 scripte
1863 5821 1894 5874 tn
1907 5818 1983 5876 libro
1998 5819 2063 5874 isto.
2074 5839 2087 5866 ι
2102 5816 2284 5874 liecolantur

1406 5925 1479 5985 qnae
1497 5905 1795 5968 babet-cassiodorius
1812 5907 1852 5965 de
1867 5909 1961 5965 instit.
1980 5906 2042 5965 dio.
2061 5903 2157 5963 litter.
