4804 6692
930 561 1249 640 raoiiicoiiatis
1950 567 1999 640 xi

190 714 281 798 dam
300 716 480 821 vulgatae
498 715 715 795 Bibliorum
735 713 942 812 editionis,
961 714 1074 825 quod
1092 716 1132 795 in
1152 715 1398 796 bibliotheca
1417 712 1581 820 Collegii
1599 716 1725 797 nostri
1743 713 1994 812 adservatur,

189 839 302 919 cuius
330 840 526 944 margines
551 838 756 946 conspersi
782 858 876 919 sunt
904 840 1049 920 criticis
1076 839 1392 920 correctionibus
1417 838 1501 919 iere
1527 856 1701 921 exeunte
1727 840 1863 921 seculo
1885 840 1995 920 XVI.

190 987 310 1040 manu
338 963 522 1040 exaratis.
550 963 622 1040 His
649 981 744 1042 vero
771 960 911 1042 sedulo
938 962 1164 1070 perpensis,
1185 962 1229 1040 in
1251 962 1520 1069 suspicionem
1543 964 1739 1044 reniteas
1762 991 1844 1044 esse
1866 993 1998 1046 corre-

184 1085 342 1166 stiones
359 1085 411 1164 ab
428 1085 506 1164 illis
532 1085 729 1190 theologis
755 1085 946 1191 digedas,
969 1085 1117 1192 quibus
1143 1084 1296 1164 romani
1321 1085 1531 1191 pontifices
1554 1114 1700 1166 munus
1720 1088 1999 1168 commiserant

187 1208 460 1290 emfflrdandae
490 1227 648 1290 nostrae
669 1209 889 1290 Bibliorum
918 1207 1106 1288 editionis
1129 1209 1200 1313 (t).
1226 1209 1277 1286 At
1300 1236 1395 1288 vero
1419 1225 1463 1287 ut
1482 1207 1537 1289 de
1561 1208 1634 1290 bac
1654 1239 1696 1290 re
1716 1213 1866 1292 certior
1887 1212 1999 1294 fieret

187 1334 478 1414 accuratissime
501 1332 774 1440 investiganda
796 1350 910 1414 erant
933 1332 1040 1413 illius
1061 1333 1252 1440 temporis
1274 1329 1532 1430 documenta,
1553 1362 1656 1442 quac
1675 1333 1726 1414 ad
1745 1353 1997 1418 memoratam

183 1458 476 1538 correctionem
500 1457 787 1537 reserebantur.
816 1462 954 1565 ltaque
974 1459 1019 1536 in
1042 1458 1180 1564 primis
1204 1456 1357 1536 naviter
1379 1458 1576 1564 congessit
1599 1457 1799 1567 quidquid
1817 1485 1865 1540 ex
1885 1489 1997 1543 coae-

186 1581 246 1660 vis
272 1583 542 1661 monumentis
569 1580 684 1662 editis
711 1582 884 1688 reperire
912 1583 1065 1688 potuit;
1091 1580 1185 1662 dein
1214 1609 1256 1660 se
1280 1583 1478 1661 convertit
1500 1581 1551 1662 ad
1572 1584 1862 1692 manuscriptos
1889 1583 1997 1666 codi-

188 1729 274 1802 ces,
299 1705 372 1810 qui
401 1705 442 1782 in
471 1706 645 1784 romanis
672 1703 924 1784 bibliothecis
952 1705 1152 1800 vaticana,
1181 1705 1377 1810 angelica,
1403 1708 1663 1789 vallicelliana
1688 1727 1727 1791 et
1754 1714 1995 1791 casanatensi

186 1845 407 1908 serrantur.
438 1830 517 1906 Pro
545 1855 595 1907 eo
616 1843 750 1908 autem
780 1856 863 1936 quo
890 1828 1066 1934 pollebat
1081 1855 1246 1907 summo
1274 1828 1422 1935 ingenii
1449 1832 1652 1927 acumine,
1682 1833 1848 1940 singulis
1874 1833 1997 1914 docu-

187 1951 330 2032 mentis
356 1951 407 2032 ad
433 1951 593 2030 criticae
619 1952 813 2032 trutinam
839 1951 1135 2057 diligentissime
1163 1954 1378 2048 revocatis,
1403 1957 1460 2035 rei
1486 1957 1690 2036 acritatem
1713 1956 1887 2066 adeptus
1912 1976 1993 2055 est,

183 2074 430 2182 tandemque
457 2091 704 2183 compertum
734 2076 874 2156 babuit
895 2073 1093 2168 codicem,
1116 2074 1273 2182 dequo
1300 2078 1414 2184 prins
1431 2077 1682 2174 dicebamus,
1704 2083 1996 2190 autographum

184 2225 272 2280 esee
294 2217 586 2294 correctorum,
608 2201 678 2307 qui
703 2198 807 2280 duce
824 2198 1025 2280 Cardinali
1048 2201 1227 2279 Antonio
1247 2201 1405 2298 Caraia,
1428 2203 1536 2282 iussu
1555 2203 1653 2284 sixti
1673 2204 1726 2284 V.
1749 2207 1864 2286 Pont.
1888 2207 1992 2286 Max.

186 2351 298 2404 sacra
323 2323 452 2406 Biblia
478 2324 801 2404 emendaverant.
828 2326 923 2423 Quo
951 2323 1067 2404 semel
1096 2324 1299 2420 consecto,
1325 2325 1499 2430 cogitare
1526 2328 1662 2434 coepit
1686 2326 1738 2409 de
1763 2328 1903 2410 eodem
1931 2359 1997 2412 co·

186 2447 274 2529 dice
300 2447 548 2554 evulgand03
574 2447 616 2527 id
643 2449 750 2528 enim
777 2448 938 2556 optimis
959 2446 1100 2526 studiis
1122 2447 1236 2528 valde
1262 2448 1522 2556 prolaturum
1550 2452 1809 2534 existimabat.
1834 2455 1996 2534 Interim

184 2599 283 2654 uero
310 2574 547 2681 conscripsit
568 2573 853 2681 prolegomena
879 2573 961 2678 (a),
992 2599 1096 2679 quae
1123 2572 1247 2652 totius
1272 2573 1328 2653 rei
1356 2589 1488 2679 gestae
1518 2576 1561 2654 in
1588 2603 1752 2658 romana
1779 2578 1997 2660 Bibliorum

186 2694 464 2776 emendatione
491 2694 707 2775 dilucidam
729 2696 1021 2775 enarrationem
1047 2696 1423 2802 complecterentur.
1452 2701 1657 2781 Praeterea
1680 2703 1907 2784 notationes
1927 2732 1998 2812 pa-

183 2847 274 2899 rare
301 2837 510 2916 statuerat,
532 2819 683 2928 quibus
705 2819 920 2899 lectionum
944 2817 1092 2898 codicis
1112 2819 1298 2898 carafiani
1320 2821 1512 2902 rationem
1534 2822 1738 2921 redderet,
1761 2825 1997 2937 illarumque

184 2942 315 3027 fontes
341 2945 534 3051 aperiret:
558 2944 717 3051 iamque
746 2944 815 3022 bas
835 2971 910 3050 pro
929 2942 1033 3022 libro
1051 2943 1221 3022 Genesis
1240 2944 1489 3048 coniecerat3
1512 2975 1682 3053 quarum
1703 2949 1904 3055 specimen
1922 2978 1997 3032 nos

184 3093 260 3146 suo
292 3067 381 3148 loco
412 3067 549 3173 (infra
580 3066 632 3146 ad
667 3094 760 3173 pag.
790 3065 1026 3167 LXXVII.)
1058 3064 1332 3173 proferemus;
1368 3097 1504 3177 neque
1538 3071 1644 3150 enim
1676 3073 1779 3152 ultra
1813 3091 2003 3182 progres'

184 3207 330 3270 ausast
350 3191 600 3298 Ungarellius
620 3207 770 3270 nomer.
795 3189 896 3269 Nam
916 3189 1025 3269 hisce
1042 3187 1183 3268 studiis
1200 3217 1294 3270 mox
1313 3189 1515 3300 abruptis,
1537 3191 1588 3272 ad
1611 3195 1686 3274 alia
1705 3197 1881 3277 animum
1901 3227 1997 3280 con·-

182 3317 323 3396 uertit:
350 3319 463 3397 cuius
486 3318 542 3395 rei
567 3345 612 3396 ea
636 3315 902 3424 potissimum,
925 3329 973 3392 ut
998 3311 1179 3409 ridetur,
1201 3313 1277 3394 fuit
1298 3317 1593 3426 caussa,·quod
1617 3318 1671 3400 ob
1693 3319 1823 3402 minus
1845 3323 1996 3403 firmam

183 3439 451 3521 valetudinem
472 3439 508 3520 ei
531 3467 614 3520 non
636 3439 772 3520 liceret
793 3436 952 3518 dissitos
974 3436 1131 3518 codices
1154 3435 1283 3535 adire,
1304 3467 1478 3547 quorum
1500 3444 1727 3524 testimonio
1752 3471 1888 3526 carere
1911 3476 1994 3527 non

180 3582 343 3672 poterat
359 3563 407 3644 ‘in
428 3563 589 3644 tuendis
609 3562 848 3644 lectionibus
870 3560 1056 3642 carafiaui
1079 3559 1247 3658 codicis,
1268 3562 1604 3670 quemadmodum
1628 3595 1679 3647 ex
1698 3566 1879 3649 dicendis
1900 3599 1996 3650 con·

184 3688 320 3768 stabit.
347 3691 500 3770 interea
526 3717 634 3771 anno
659 3684 1043 3769 dccccxxxvii.
1066 3686 1115 3767 cl.
1137 3686 1199 3764 vir
1220 3687 1451 3768 Antoninus
1473 3692 1532 3768 De
1553 3691 1684 3792 mea,
1709 3721 1821 3774 nunc
1846 3697 1995 3777 archic-

183 3815 375 3922 piscopus
396 3814 582 3894 tarsensis
601 3830 640 3894 et
656 3813 937 3922 apocrisiarius
955 3810 1064 3920 apud
1082 3813 1363 3920 imperatorem
1382 3815 1585 3910 Austriae,
1606 3817 1659 3898 ab
1678 3817 1909 3925 Ungarellio
1927 3821 1995 3900 ob·

183 3937 304 4016 tinuit
329 3953 375 4016 ut
400 3935 602 4045 praedicta
630 3937 913 4045 prolegomena
940 3936 983 4014 in
1011 3936 1187 4016 romanis
1213 3936 1492 4033 collectaneis,
1519 3941 1634 4048 queis
1660 3941 1801 4022 titulus
1825 3947 1996 4024 Annali

176 4061 287 4142 delle
312 4063 466 4142 somnae
493 4060 693 4169 religiose,
720 4061 828 4168 typis
854 4057 1031 4139 mandari
1061 4075 1264 4167 pateretur
1289 4061 1366 4167 (3):
1393 4060 1614 4170 eademque
1643 4064 1812 4146 maximo
1839 4067 1995 4146 theolo-

288 4280 327 4342 (1)
346 4273 485 4332 Praedicti
502 4273 622 4345 codicis,
641 4289 725 4347 quem
743 4273 860 4346 pastbm
877 4288 942 4330 cum
957 4272 1054 4346 Unge-
1125 4297 1140 4323 r
1161 4270 1287 4342 rodossi,
1299 4288 1336 4330 ne
1349 4282 1468 4332 trassero
1480 4275 1583 4348 partito
1597 4291 1645 4349 per
1657 4278 1809 4349 ispacciare
1819 4278 1994 4338 strauissime

180 4361 278 4430 ,sellim
297 4366 484 4438 cerastarum
502 4361 747 4436 nuncupabimus,
766 4369 926 4420 amuratam
945 4357 1049 4418 dcseri·
1124 4380 1137 4410 s
1158 4357 1303 4418 ebaiorde
1317 4359 1464 4431 calunuie,
1478 4378 1495 4419 e
1507 4361 1669 4422 ammonio
1680 4381 1717 4423 ua
1729 4363 1771 4424 sia
1786 4367 1852 4439 quei
1864 4367 1994 4424 Tomma

178 4453 308 4526 pdomm
326 4449 412 4510 babes
430 4451 504 4510 inira
521 4451 557 4510 ad
576 4467 639 4526 pag.
659 4453 780 4510 xxvii.
800 4459 829 4508 et
848 4453 942 4508 xxx.
1124 4473 1137 4501 n
1157 4463 1189 4508 ao
1207 4451 1314 4519 iamet,
1329 4449 1494 4523 acriusne,
1508 4451 1543 4510 ad
1560 4460 1659 4510 autore
1673 4453 1720 4512 dei
1736 4454 1849 4512 Mum
1865 4456 1992 4528 papule,

288 4548 326 4611 (t)
344 4544 420 4600 Haec
438 4543 594 4602 cernane
615 4557 630 4602 e
653 4541 735 4600 nobis
758 4557 823 4600 mox
844 4540 1050 4608 subiicientura
1124 4562 1137 4587 ι
1157 4541 1218 4596 sire
1234 4539 1390 4598 concordio
1407 4540 1518 4598 discors
1533 4543 1613 4600 Sinti
1630 4545 1667 4600 V.
1687 4547 1717 4602 et
1731 4542 1889 4602 clericatis
1907 4550 1990 4604 V111.

180 4629 211 4686 in
230 4629 264 4687 iis
283 4631 358 4687 eninr
380 4631 467 4687 totius
486 4631 579 4703 operis
598 4627 683 4687 cardo
703 4628 810 4702 positus
829 4637 882 4686 est
1126 4631 1240 4685 »circo
1260 4627 1515 4705 bernymiauom
1537 4631 1702 4690 editionem.
1721 4631 1785 4690 tion
1805 4650 1991 4704 mancarouo,

284 4723 323 4788 (a)
350 4717 497 4777 Laudatus
520 4719 562 4778 De
585 4719 663 4776 Luca
691 4717 829 4792 opusculo
855 4717 1052 4790 nugantium
1126 4742 1140 4768 ι
1159 4716 1213 4790 egli
1236 4717 1254 4775 e
1276 4733 1360 4790 vero,
1382 4719 1566 4778 vdentissimi
1589 4719 1745 4790 difensori,
1766 4721 1819 4780 ebs
1841 4723 1866 4780 si
1889 4723 1993 4792 misero

177 4807 256 4868 bace
268 4807 441 4866 notationem
456 4808 614 4882 praemisit:
628 4809 692 4866 «Ne
705 4805 776 4880 gode
790 4807 809 4864 l’
818 4806 914 4866 animo
928 4805 1050 4880 potando

180 4919 194 4944 ι
215 4895 271 4953 aila
288 4895 345 4954 tine
359 4896 511 4955 arriccbire
525 4897 616 4970 questi
629 4896 741 4956 Annali
751 4895 781 4952 di
793 4911 833 4954 un
843 4903 986 4968 ,operetta
999 4895 1051 4954 ebs

181 5008 195 5034 ·
215 4983 359 5042 sembrcr'a
377 4999 393 5042 a
413 4984 508 5043 tuitii
528 4984 628 5043 cultori
647 4983 725 5058 degli
743 4983 819 5043 studi
839 4981 935 5045 biblici
954 4997 1051 5058 supre-

177 5097 196 5122 ··
216 5081 356 5132 mamete
371 5073 550 5148 importante.
568 5078 683 5148 appeua
697 5076 723 5133 ci
741 5075 777 5134 ba
792 5075 838 5134 chi
853 5075 946 5148 1811011
959 5087 1049 5150 quam

180 5187 194 5212 ·
216 5169 244 5222 ts
254 5161 367 5236 disputo
383 5164 470 5222 siansi
483 5163 587 5238 antam
597 5164 713 5224 intorno
725 5164 780 5222 alla
794 5164 868 5222 varie
879 5163 1049 5231 comminui,

180 5275 194 5300 ι
210 5249 286 5308 colle
308 5251 407 5325 quali,
432 5251 618 5310 mercedulis
641 5269 708 5311 cure
730 5252 773 5311 de'
787 5256 890 5312 somrui
915 5251 1048 5311 Pentelici

179 5363 193 5390 ι
214 5339 287 5398 Siste
302 5343 334 5398 V.
349 5357 365 5398 e
382 5341 525 5400 Clemente
538 5343 615 5399 viii.
630 5341 697 5400 rarii
712 5351 743 5400 et
759 5341 864 5400 illustri
880 5342 992 5402 uomini
1006 5339 1049 5403 ia·

180 5455 194 5482 s
213 5429 339 5489 ticamno
358 5447 407 5505 per
420 5431 569 5490 emendare
586 5431 719 5490 laistim
736 5433 862 5491 senione
877 5430 953 5490 daile
968 5440 1049 5490 unu

180 5544 194 5571 ¹
214 5521 361 5584 &auum
383 5523 428 5578 bia
450 5521 513 5580 aiae
538 5523 563 5579 a’
577 5520 670 5594 giorm
691 5522 784 5578 acstd
804 5521 894 5580 niuno
915 5522 942 5580 ci
966 5536 1051 5580 atera·

180 5633 194 5660 ι
215 5607 281 5668 dato
301 5625 359 5668 uua
381 5609 539 5668 mtbdeuts
557 5609 594 5667 ed
613 5617 701 5670 matta
722 5617 855 5667 contum
877 5611 979 5668 stodes
1002 5609 1049 5668 dci

180 5721 194 5746 ι
215 5697 301 5756 modo
315 5706 414 5756 uncto
429 5699 475 5756 nei
492 5698 551 5758 iare
566 5699 661 5773 quelle
675 5697 883 5768 emendationi,
898 5697 940 5756 de'
952 5699 1047 5757 motiri

179 5811 193 5836 υ
214 5785 267 5844 ebe
287 5786 314 5844 ie
334 5788 517 5860 suggerimus
535 5803 552 5846 e
573 5788 603 5845 di
621 5795 695 5846 tutte
715 5788 744 5846 le
764 5787 835 5846 altre
859 5787 1048 5861 perarderet

179 5899 194 5925 ι
213 5873 245 5932 rii
259 5883 360 5948 questo
377 5873 558 5942 mmorablis
573 5877 765 5934 amenimeuto
780 5875 856 5934 uella
873 5875 958 5934 storia
975 5873 1048 5933 delia

179 5987 193 6012 ι
213 5963 311 6022 critica
325 5964 495 6025 mdtturale.
512 5968 522 6022 1
540 5965 670 6039 maligui,
690 5967 918 6039 especialmente
934 5963 973 6038 gli
990 5972 1049 6022 ete·

1124 4833 1137 4858 ι
1158 4807 1176 4864 1¹
1194 4808 1341 4866 onomata
1366 4807 1489 4868 incurioo
1515 4808 1544 4868 di
1572 4810 1764 4871 amascberare
1789 4811 1818 4872 ia
1842 4811 1935 4873 saisita
1963 4812 1992 4872 di

1125 4921 1138 4946 ι
1157 4896 1251 4970 quelle
1275 4895 1427 4966 calunnie;
1446 4913 1462 4955 a
1483 4898 1619 4956 marinco
1640 4915 1700 4957 una
1723 4901 1889 4972 particolare
1912 4919 1991 4960 men·

1125 5008 1139 5035 »
1159 4986 1241 5042 aione
1258 4985 1358 5057 arrigo
1374 4985 1410 5044 de
1427 4985 1575 5060 Bulsantop
1591 4987 1684 5054 (neila
1699 5003 1750 5046 sua
1765 4993 1830 5046 Lux
1844 4989 1881 5046 de
1897 4990 1990 5059 luce),

1118 5097 1135 5125 s
1155 5073 1304 5132 bianchini
1319 5080 1329 5142 (
1337 5073 1412 5133 ualle
1427 5089 1478 5132 ure
1491 5075 1648 5134 Vindictae
1662 5091 1816 5134 mnarum
1830 5077 1993 5135 Bibliorum

1124 5189 1136 5214 ι
1158 5164 1296 5238 1111911141
1313 5165 1463 5234 editionis)
1482 5180 1497 5222 e
1513 5163 1550 5222 ir.
1563 5165 1756 5224 Bonarentura
1770 5165 1806 5224 de
1822 5165 1993 5240 iiagdaiouo

1123 5276 1136 5304 s
1156 5251 1255 5322 (neila
1277 5269 1329 5312 sua
1356 5253 1477 5327 Triplex
1500 5252 1725 5310 biblica-critica
1744 5255 1989 5323 demonstratio).

1105 5367 1136 5392 ·»·
1153 5343 1199 5400 ila
1220 5341 1240 5400 ii
1259 5357 1318 5400 non
1335 5356 1399 5399 arar
1416 5350 1499 5400 amto
1518 5341 1580 5415 quc'
1591 5339 1812 5400 rsicniuomini
1831 5344 1992 5417 i'opportu·

1123 5455 1136 5481 ι
1157 5429 1262 5489 nitidi
1277 5431 1388 5504 leggere
1402 5431 1466 5488 tutti
1481 5429 1521 5503 gii
1535 5428 1667 5503 originali
1682 5429 1845 5488 documenti
1861 5430 1904 5488 da’
1913 5430 1989 5505 quali

1122 5544 1136 5572 r
1155 5522 1180 5579 si
1198 5515 1256 5594 pub
1274 5530 1364 5580 trarre
1381 5527 1457 5578 tutto
1476 5521 1499 5578 ii
1511 5515 1566 5578 ¹dic
1585 5518 1615 5577 di
1634 5527 1735 5592 cursu
1747 5521 1854 5590 stada,
1872 5521 1989 5579 lasciuus

1123 5634 1136 5660 ι
1156 5610 1233 5683 aegii
1249 5609 1352 5668 earditi
1369 5608 1391 5666 il
1408 5608 1548 5668 desiderio
1562 5606 1593 5666 di
1609 5623 1650 5666 un
1662 5621 1749 5682 opera
1763 5608 1990 5679 ebedistrigaase

1120 5723 1133 5750 ι
1154 5699 1392 5772 occipiuumeute
1408 5707 1507 5772 questo
1522 5698 1679 5772 inriluppo.
1699 5704 1722 5755 11
1740 5713 1796 5756 uua
1813 5697 1853 5754 tal
1870 5699 1988 5769 impresa

1120 5812 1135 5840 s
1155 5790 1179 5847 si
1199 5791 1312 5848 accires
1329 5789 1351 5847 il
1370 5789 1416 5847 cb.
1437 5806 1453 5848 a
1471 5790 1564 5847 sardic
1584 5803 1611 5862 p.
1630 5788 1794 5862 Uagarelli3
1814 5803 1830 5842 e
1849 5801 1865 5842 a
1883 5793 1989 5858 quanto

1122 5903 1136 5928 »
1156 5878 1238 5936 salire
1255 5880 1376 5937 termine
1395 5878 1475 5937 siano
1491 5878 1605 5938 rimeite
1622 5877 1649 5936 lo
1667 5891 1717 5935 sue
1736 5873 1949 5942 1011οὴ11111,
1968 5873 1987 5929 ii

1120 5991 1133 6016 s
1151 5975 1291 6040 sebenno
1307 5971 1317 6025 i
1333 5968 1404 6032 dotti
1422 5975 1615 6041 amomcntars
1632 5965 1666 6024 da
1684 5965 1775 6039 quud
1792 5963 1988 6037 prcimomesi

1771 6061 1792 6105 aii
