4830 6678
443 505 502 578 tn
1192 499 1507 581 rnotnconnun

446 692 464 732 «
489 659 692 738 Postremo
720 654 897 763 denique
924 654 1186 736 deliberatum
1210 657 1306 753 suit,
1330 675 1374 737 ut
1396 658 1495 736 baec
1518 655 1653 762 regula
1677 655 1720 733 in
1742 639 2000 734 emendandis
2019 637 2159 734 Bibtiis
2178 635 2260 730 ob:

447 798 733 878 »servaretun
765 779 842 860 hoc
869 797 927 860 cst
954 807 1004 858 ne
1033 779 1145 862 fieret
1171 783 1364 880 mutati0,
1394 782 1470 861 nisi
1502 797 1662 887 cogeret
1691 779 1925 873 necessitas,
1954 793 1993 856 ct
2019 775 2249 885 praesertim

448 934 578 985 »cum
606 905 737 983 variae
764 931 882 984 voces
910 903 1015 983 idern
1044 906 1287 1013 significant,
1314 924 1359 985 ut
1376 934 1415 984 v.
1437 934 1476 1012 g.
1498 933 1585 1012 ergo
1605 932 1680 1012 pro
1700 905 1843 1010 igitur,
1869 919 1910 982 et
1935 900 1976 980 id
2004 927 2128 1007 genus
2155 895 2246 979 alia.

446 1064 466 1106 n
488 1032 586 1110 Cum
607 1056 703 1108 vero
724 1031 879 1108 variant
898 1055 1077 1124 sensum,
1100 1048 1145 1109 ut
1160 1033 1315 1132 sortem
1334 1058 1409 1137 pro
1425 1033 1611 1135 fontem,
1637 1045 1677 1108 et
1695 1055 1716 1106 e
1735 1054 1949 1120 converso,
1970 1041 2010 1104 et
2028 1024 2103 1104 alia
2120 1021 2162 1102 id
2187 1049 2250 1129 ge-

448 1187 465 1229 »
488 1181 565 1233 nus
593 1155 806 1262 permulta,
832 1172 931 1234 tunc
959 1153 1008 1233 ad
1038 1155 1305 1262 manuscripta
1332 1154 1579 1259 antiquiora,
1606 1151 1656 1231 ad
1685 1151 1840 1232 codices
1867 1151 2023 1230 scilicet.
2041 1149 2186 1227 latinos
2212 1161 2252 1225 et

448 1290 650 1386 n'graecos
677 1295 800 1385 atque
827 1278 1036 1358 hebraicos
1063 1279 1174 1358 iuxta
1201 1279 1356 1386 regulas
1383 1278 1434 1359 ab
1463 1279 1687 1386 Augustino
1710 1295 1750 1357 et
1777 1277 1828 1356 ab
1856 1276 1940 1355 aliis
1965 1273 2153 1367 traditas,
2178 1298 2252 1351 nec

450 1434 470 1476 n
489 1430 573 1482 non
600 1400 652 1482 ad
679 1429 812 1482 sacros
840 1401 1023 1482 doctores
1045 1429 1090 1481 ac
1114 1421 1247 1510 patres
1274 1401 1584 1508 confugiendum
1615 1419 1728 1482 est.»
1751 1402 1859 1480 Haec
1884 1401 1946 1479 via
1971 1415 2011 1478 et
2037 1398 2140 1478 ratio
2155 1423 2251 1502 gre·

443 1528 631 1634 gorianae
658 1526 900 1616 recensionis
927 1543 1049 1633 prout
1077 1526 1153 1606 luit
1181 1528 1436 1635 praescripta.
1466 1525 1656 1634 Superest
1683 1553 1795 1605 nunc
1820 1541 1866 1603 ut
1893 1521 2120 1618 videamus,
2150 1517 2251 1628 quid

443 1678 586 1732 causae
614 1651 732 1729 suerit
755 1667 800 1729 ut
823 1649 871 1727 hi·
885 1649 1141 1756 potissimum
1162 1677 1336 1732 canones
1363 1649 1652 1747 conderentur,
1679 1669 1718 1730 et
1743 1677 1793 1730 an
1816 1663 2047 1730 constanter
2067 1647 2117 1726 in
2139 1643 2252 1752 praxi

446 1774 562 1855 iidem
591 1774 733 1854 servati
760 1771 982 1853 videantur.

1250 1943 1286 2041 g.
1315 1937 1443 2018 xvu.

510 2101 663 2180 Variae
690 2100 917 2178 Bibliorum
945 2099 1138 2178 editiones
1166 2099 1433 2206 antiquiores,
1460 2125 1677 2206 eorumque
1704 2101 1840 2204 κρίσις.
1867 2099 1930 2178 De
1959 2094 2197 2174 ordinariis·
2242 2191 2245 2196 Ι

586 2241 623 2302 et
643 2223 942 2303 lovaniensibus
960 2223 1005 2301 in
1023 2224 1173 2332 specie·
1193 2224 1296 2330 quid
1313 2223 1526 2330 Gregorius
1544 2224 1672 2304 XIV.
1694 2223 1801 2302 circo
1820 2221 1919 2302 boec
1940 2217 2110 2298 iusserit.

551 2403 752 2501 Quoniam
775 2427 869 2480 vero
887 2401 1073 2506 Gregorii
1101 2397 1276 2479 studium
1295 2401 1337 2479 in
1360 2401 1434 2480 hac
1454 2417 1566 2508 parte
1594 2399 1724 2479 fuerat
1748 2421 1935 2480 revocare
1962 2395 2107 2476 sixtina
2125 2390 2254 2473 Biblia

445 2524 501 2606 ad·
524 2524 738 2605 Ordinaria
764 2541 805 2604 et
831 2523 1060 2630 praesertim
1084 2524 1347 2621 lovaniensia,
1369 2525 1419 2603 ita
1450 2542 1495 2604 ut
1517 2524 1583 2604 tali
1613 2524 1740 2604 innixi
1760 2524 1885 2629 ipsius
1903 2535 2145 2600 correctores
2165 2515 2256 2594 lun-

444 2647 631 2730 damento
659 2678 681 2728 a
710 2649 832 2727 novis.
852 2646 1197 2727 emendationibus
1224 2647 1546 2755 lectionibusque
1574 2675 1624 2728 ex
1652 2648 1813 2754 ingenio
1841 2642 2037 2725 cudendis
2066 2640 2256 2750 prohibe*

445 2791 609 2869 rentur3
639 2799 742 2879 quae
770 2771 847 2851 sub
875 2769 1182 2850 Ordinariorum
1210 2773 1384 2876 generali
1413 2772 1609 2852 vocabulo
1639 2770 1746 2851 edita
1772 2770 1898 2850 Biblia
1926 2769 2108 2860 subsint,
2138 2783 2178 2846 et
2204 2789 2254 2843 an

445 2899 508 2978 vel
536 2898 575 2978 in
606 2924 688 3006 quo
716 2895 1004 2975 lovaniensium
1028 2893 1224 2974 editiones
1246 2895 1297 2974 ab
1320 2895 1396 2975 illis
1418 2894 1646 3003 discrepent
1673 2896 1744 2976 abs
1767 2921 1812 2974 re
1837 2921 1920 2974 non
1942 2894 2017 2972 erit
2040 2891 2252 2998 explicare.

448 3027 619 3119 Teutas,
650 3050 721 3102 seu
747 3019 942 3100 editiones
969 3019 1164 3126 Vulgatae
1192 3021 1335 3100 latinae
1362 3037 1460 3101 tunc
1488 3022 1677 3128 temporis
1704 3020 1828 3126 magis
1854 3033 2036 3125 receptae
2063 3013 2258 3124 plurimae

447 3143 609 3252 quidem
638 3144 864 3223 extiterant.
892 3144 1111 3251 Antiquior
1138 3145 1242 3223 inter
1264 3145 1336 3224 has
1360 3144 1423 3223 illa
1452 3143 1648 3224 censenda
1677 3161 1754 3240 est,
1781 3169 1887 3250 quae
1914 3169 2005 3221 cnm
2028 3139 2168 3219 Glossa
2193 3163 2258 3216 or·

446 3267 601 3350 dinaria
627 3267 834 3349 Strabonis
860 3266 1069 3348 Fuld'ensis
1097 3267 1477 3364 circumferebatur,
1508 3285 1547 3348 et
1575 3297 1630 3348 ex.
1654 3297 1734 3375 qua
1763 3295 1911 3348 nomen
1942 3263 2256 3348 ordinariorum

448 3392 524 3474 illis
544 3393 684 3473 Bibliis
700 3392 780 3472 fuit
803 3392 995 3474 inditum:
1019 3392 1139 3471 huius
1162 3419 1284 3498 porro
1308 3394 1532 3472 accuratior
1555 3390 1688 3472 editio·
1703 3410 1763 3472 est
1786 3392 1851 3470 illa
1874 3390 2039 3470 Parisiis.
2055 3388 2258 3468 elaborata

448 3514 581 3596 studio
601 3517 817 3596 Francisci'
835 3515 1134 3594 Fen-Ardentii
1153 3517 1315 3598 MDXC.
1342 3518 1560 3597 Discrimen
1586 3516 1699 3625 quod
1723 3517 1827 3598 inter
1851 3518 1964 3596 hano
1985 3531 2026 3594 et
2053 3513 2258 3592 lovanien-

448 3665 528 3720 sem
553 3637 770 3720 editionem
793 3637 1002 3719 intercedit
1022 3667 1105 3720 uon
1127 3657 1257 3748 potest
1277 3669 1360 3720 non
1379 3669 1461 3730 esse
1485 3643 1768 3749 conspicuum,
1791 3670 1940 3749 quum,
1967 3637 2182 3747 generatim
2200 3635 2258 3714 lo·

335 3841 343 3850 .
449 3762 634 3872 quendo,
655 3763 811 3871 saepius
828 3761 1001 3860 accidat,
1022 3763 1235 3842 textualem
1256 3765 1361 3843 illius
1382 3764 1591 3844 lectionem
1613 3793 1703 3845 eum
1728 3763 1933 3874 marginali
1954 3762 2067 3840 istius
2089 3759 2260 3839 lectione

449 3890 685 3986 convenire,
708 3905 746 3968 et
768 3887 951 3968 vicissim.
979 3888 1088 3968 Alias
1109 3887 1244 3969 itidem
1268 3890 1487 3996 peculiares
1511 3889 1700 3971 lectiones
1722 3885 1876 3966 habent
1898 3880 2132 3976 Ordinaria,
2155 3905 2259 3988 quae

449 4041 583 4124 neque
600 4013 804 4121 Regiae-et
820 4012 1092 4120 Complutensi
1115 4011 1302 4109 editioni,
1325 4042 1457 4125 neque
1476 4015 1613 4097 Bibliis
1630 4011 1797 4094 Roberti
1814 4007 2007 4117 Stephani
2031 4021 2261 4111 congruunt

449 4156 572 4248 prout
598 4167 662 4218 ex.
680 4165 741 4245 gr.
758 4138 864 4217 Gen.
881 4137 1036 4234 XXVI,
1063 4139 1123 4234 rlr.
1143 4137 1286 4218 babuit
1304 4169 1478 4248 quoque,
1503 4157 1543 4221 et
1561 4137 1715 4231 XXIX,
1742 4135 1803 4215 13.
1821 4132 1997 4213 cucurrit
2020 4130 2172 4209 obviant
2196 4129 2254 4224 ei,

449 4290 526 4369 pro
550 4261 800 4369 labantque,
817 4277 858 4340 et
883 4261 1052 4340 occurrit
1079 4261 1232 4340 obvium
1260 4261 1310 4340 ei.
1342 4263 1446 4342 Hinc
1474 4263 1515 4341 in
1544 4257 1824 4366 manuscriptis
1844 4253 2172 4337 annotationibus
2195 4281 2263 4332 ναν

451 4386 570 4466 ticani
598 4383 747 4465 codicis
765 4411 788 4462 a
807 4383 1018 4464 Francisco
1036 4384 1179 4468 Toleto
1206 4386 1378 4466 exaratis
1403 4386 1692 4467 lovaniensium
1717 4380 1884 4462 editioni
1903 4379 2117 4460 Ordinaria
2135 4376 2264 4456 Biblia

451 4526 649 4618 perpetuo
676 4525 961 4618 opponuntur..
980 4507 1130 4590 Verum
1155 4539 1246 4590 curn
1267 4511 1319 4592 ab
1337 4509 1475 4610 initio,
1497 4528 1589 4591 ante
1609 4525 1757 4617 etpost
1779 4525 1967 4615 typorum
1991 4503 2263 4584 inventionem

451 4634 604 4742 ubique
623 4631 839 4713 Ordinaria
856 4633 1125 4730 obtinuerint,
1148 4651 1189 4714 et
1206 4633 1315 4743 apud
1334 4661 1491 4730 omnes,
1513 4651 1618 4714 recte
1638 4634 1716 4714 diei
1735 4648 1921 4741 poterant
1938 4649 2159 4710 ceterarum
2179 4627 2265 4708 edi·

451 4759 613 4838 tionum·
628 4756 933 4838 fundamentum
955 4759 1027 4865 (1).
1050 4758 1095 4836 ln
1115 4756 1255 4868 Galliis
1279 4785 1451 4864 namque
1470 4756 1672 4837 Robertus
1690 4756 1916 4864 Stephanus
1936 4781 1958 4833 e
1977 4753 2115 4862 primis
2134 4751 2264 4830 fuerat

453 4883 523 4990 qui
551 4899 635 4962 arte
653 4911 722 4961 sua
747 4883 1056 4990 typographica,
1084 4908 1171 4961 ere
1192 4882 1386 4978 literaria,
1413 4898 1550 4976 utens,
1577 4883 1845 4989 manuscripta
1873 4877 2135 4972 consuluerit,
2164 4875 2264 4954 mul-

453 5023 576 5113 taque
602 5005 697 5086 iude
724 5004 776 5086 ad
803 5005 1021 5100 librorum,
1052 5033 1156 5114 quos
1184 5004 1350 5102 edebat,
1382 5005 1667 5115 perlectionem
1696 5003 2095 5110 emendationemque
2129 5028 2267 5080 corro-

453 5131 572 5238 garit:
597 5129 642 5210 id'
665 5158 830 5240 quoque
853 5130 1047 5238 praestitit
1069 5130 1128 5210 ad
1143 5129 1369 5212 Bibliorum‘
1390 5131 1645 5210 ordinarium
1670 5147 1824 5209 temtum
1846 5132 2126 5209 correctiorem
2151 5127 2266 5208 exhi-

455 5253 655 5335 bendum..
675 5255 786 5334 Illius
812 5254 987 5336 studium
1015 5254 1339 5362 diligentiamque
1364 5255 1550 5334 imitatus.
1567 5255 1867 5363 antuerpiensis-
1883 5252 2013 5332 editor
2034 5252 2262 5346 Plautinus,

454 5407 543 5458 cum
574 5378 649 5458 alia
677 5405 843 5486 quoque
871 5378 1102 5460 contulisset
1129 5378 1250 5458 latina
1279 5379 1571 5485 manuscripta,
1594 5377 1788 5488 Vulgatae
1815 5376 2029 5457 editionem
2057 5375 2267 5456 adornavit

566 5631 604 5697 (t)
622 5631 733 5687 Praeter
752 5643 784 5688 ea
804 5643 875 5702 quae
896 5629 931 5688 de
951 5628 1054 5686 attins
1074 5629 1244 5688 Ordntorits
1263 5628 1326 5688 bre·
1399 5637 1522 5704 amotam
1548 5629 1660 5688 babere*
1675 5628 1903 5687 Ordtnoriorum
1933 5627 2092 5686 Biiltorum
2119 5625 2265 5694 indolem,

456 5719 525 5776 riter
547 5717 777 5791 praemonuimus
799 5735 862 5793 pag.
880 5721 989 5776 XXIX.
1009 5726 1076 5778 nott
1095 5724 1138 5786 6.,
1158 5717 1227 5778 alibi
1246 5719 1326 5778 nobis
1397 5734 1480 5792 quam
1503 5735 1594 5794 neque
1613 5715 1810 5791 Ungareliius,
1829 5731 1920 5790 neque
1941 5715 2008 5786 alii,
2027 5713 2105 5790 quod
2124 5715 2265 5784 sciamus,

455 5805 554 5866 fusiori
572 5821 701 5866 sermone
718 5805 754 5864 de
772 5807 806 5866 iis
824 5806 963 5881 agendum
982 5807 1047 5876 criu
1065 5807 1183 5864 named
1199 5808 1325 5866 criticam
1399 5809 1534 5868 hactenus
1551 5810 1622 5868 satie
1630 5805 1819 5864 declararunt.
1838 5807 1954 5866 Interim
1967 5805 2134 5864 adnotamus
2147 5803 2197 5862 ilia
2213 5804 2265 5862 mi·

456 5893 601 5954 historiam
620 5894 756 5970 vulgatae
775 5893 908 5956 editionis
924 5895 1035 5954 maximi
1055 5897 1188 5955 momenti
1206 5905 1248 5956 est
1263 5913 1323 5971 per·
1395 5914 1449 5958 nus
1465 5907 1594 5956 accurata
1610 5895 1666 5954 dici
1683 5904 1838 5956 ceteramm
1856 5895 2012 5956 editionum
2030 5893 2265 5954 tundamentum.
