4750 6694
442 505 593 580 LXXXVI
1115 495 1358 573 irritatus
1383 495 1570 573 staticus

441 657 492 738 ad
511 685 552 764 p.
570 657 680 736 XlX.
703 671 798 735 nota
817 681 854 733 2.
867 657 903 757 )‚
925 651 989 734 die
1014 679 1072 731 12.
1092 649 1184 730 maii
1202 675 1311 731 anno
1330 645 1576 742 lllDLXlV.‚
1595 645 1738 726 tradita
1756 645 1875 726 luisse
1892 645 2091 726 Cardinali
2109 648 2245 728 Marco

442 782 619 862 Antonio
643 778 693 858 de
716 777 876 856 Amulio
902 778 943 854 in
968 803 1082 854 usum
1106 802 1338 868 censorum,
1360 800 1464 881 quos
1484 771 1578 850 Pius
1600 767 1671 849 IV.
1693 773 1813 850 Pont.
1833 768 1940 849 Max.
1962 769 2013 850 ad
2033 770 2245 852 emendan-

442 905 534 986 dam
555 903 716 1007 Vulgati
732 900 947 980 editionem
967 898 1245 979 destinaverat.
1268 897 1373 976 Hinc
1391 893 1567 974 eiusdem
1584 894 1774 972 lectiones
1789 891 2006 975 identidem
2023 919 2247 973 memorau-

443 1045 510 1108 tur
537 1027 578 1106 in
607 1029 714 1104 notis
739 1022 892 1115 Sirleti,
917 1021 1049 1100 Toleti
1077 1037 1118 1100 et
1143 1022 1319 1116 Roccae,
1345 1044 1445 1125 quas
1472 1045 1546 1097 uos
1572 1017 1654 1096 suis
1676 1017 1773 1095 locis
1801 1015 2072 1096 excitabimus.
2097 1016 2249 1096 Vezzo·

442 1154 524 1230 sius
544 1149 663 1228 huius
681 1146 828 1226 codicis
846 1146 1036 1224 lectiones
1054 1172 1136 1223 non
1156 1171 1323 1251 paucas,
1341 1141 1569 1248 praesertim
1589 1141 1631 1217 in
1652 1139 1834 1246 psalterio
1851 1155 1892 1217 et
1910 1139 2047 1235 Cant,
2063 1139 2245 1245 protulit.

443 1272 656 1354 Universas
680 1297 774 1366 nos,
795 1269 951 1348 favente
976 1268 1120 1347 eximia
1142 1265 1438 1373 praedictorum
1466 1262 1752 1342 monachorum
1774 1262 2027 1355 liberalitate,
2048 1259 2247 1340 dabimus.

444 1393 602 1476 Codicis
629 1410 735 1472 aetas
763 1419 846 1472 uon
874 1393 929 1472 ita
955 1391 1068 1470 facile
1096 1389 1253 1470 definiri
1277 1405 1427 1496 potest:
1454 1386 1564 1467 haud
1591 1404 1722 1465 tamen
1752 1386 1863 1465 illum
1890 1385 2117 1464 seculo'lX.
2146 1387 2250 1465 auti·

444 1520 627 1626 quierem
651 1517 933 1596 existimamus.
955 1515 1251 1609 Alouinianam,
1273 1540 1394 1620 quam
1412 1528 1573 1605 vocant,
1594 1509 1866 1589 recensionem
1876 1507 2101 1587 ‘certissime
2117 1509 2251 1615 sequi·

444 1658 531 1737 tur,
553 1636 888 1746 quemadmodum
911 1639 1139 1717 monuimus
1156 1636 1207 1717 ad
1230 1664 1320 1743 pag.
1343 1634 1511 1715 XXVII.
1533 1651 1630 1712 uota
1654 1657 1710 1728 1.;
1732 1629 1985 1739 proindeque
2006 1632 2092 1710 eius
2114 1632 2252 1711 lectio·

446 1789 516 1842 nes
543 1763 610 1839 vix
638 1759 830 1840 recedunt
853 1788 877 1839 a
904 1758 1042 1838 codice
1069 1758 1331 1838 vallicelliano
1354 1785 1448 1836 mox
1471 1754 1737 1836 describendo
1759 1756 1832 1861 (1).
1852 1753 2046 1862 Vulgatae
2067 1753 2252 1834 editionis

445 1885 569 1966 libros
596 1910 752 1978 omues,
775 1884 895 1962 unico
923 1898 1092 1987 excepto
1117 1880 1297 1976 Baruch,
1324 1880 1612 1987 complectitur.

553 2009 593 2101 d.
611 2004 708 2085 Cod.
724 2011 770 2085 D.
788 2005 1075 2086 Celeberrimos
1093 2005 1158 2083 hic
1177 2022 1236 2085 est
1248 2003 1469 2084 Bibliorum
1487 2000 1612 2081 codex
1633 2002 1955 2082 membranaceus
1971 2002 2014 2080 iu
2033 2002 2121 2098 fot,
2137 2003 2253 2081 cuius

448 2128 648 2238 quaelibet
675 2131 818 2237 pagiua
847 2127 976 2209 tribus
1003 2128 1202 2208 laterculis
1230 2127 1433 2220 distincta,
1461 2127 1615 2231 exiguis
1642 2126 1886 2233 minutisque
1912 2125 2053 2205 litteris
2078 2127 2252 2206 conscri-

447 2271 517 2361 pta
545 2271 618 2334 est.
648 2255 790 2334 Deficit
818 2281 840 2332 a
868 2253 968 2332 Psal.
991 2252 1046 2346 ΙΙ,
1081 2278 1142 2331 ιο.
1163 2251 1214 2333 ad
1241 2252 1319 2346 Xl‚
1344 2253 1384 2331 8.
1411 2251 1530 2328 Hune
1556 2276 1677 2354 supra
1705 2247 1756 2327 ad
1784 2275 1875 2355 pag.
1899 2246 2066 2326 XXVII.
2089 2264 2185 2330 nota
2212 2277 2249 2330 a.

446 2377 676 2456 stationum
703 2377 854 2457 dictum
881 2375 999 2456 fuisse
1028 2373 1332 2468 adnotavimus,
1363 2400 1472 2452 nunc
1499 2369 1821 2450 vallicellionum
1851 2395 2083 2478 nuncupare
2115 2399 2254 2480 possu-

449 2528 559 2598 mus;
587 2529 677 2580 nam
705 2502 834 2581 estin
861 2499 1104 2580 bibliotheca
1130 2497 1389 2578 vallicellianae
1416 2495 1581 2575 oratorii
1608 2522 1640 2572 s.
1668 2494 1841 2607 Philippi
1868 2493 2013 2588 Urbis,
2040 2494 2111 2573 ubi
2138 2523 2255 2602 prae·

449 2641 612 2704 notatur
639 2624 746 2731 siglis
768 2626 817 2704 B.
841 2627 922 2706 VI.
948 2630 1027 2702 lam
1056 2621 1378 2728 praescripsimus
1404 2645 1591 2698 romanos
1617 2643 1800 2696 censores
1816 2617 1926 2695 hunc
1953 2615 2130 2697 codicem
2158 2647 2255 2726 prae

449 2747 633 2828 manibus
652 2747 855 2842 babuisse,
878 2745 988 2853 quod
1008 2763 1047 2826 et
1064 2743 1259 2824 Baronius
1284 2760 1323 2822 et
1345 2741 1510 2821 Toletus
1528 2757 1738 2820 testantur.
1758 2738 2019 2820 Blanehinius
2040 2743 2083 2821 in
2104 2743 2255 2823 Vindi-

449 2869 541 2964 ciis,
557 2899 603 2977 p.
625 2870 887 2950 CCCXXII.
904 2885 943 2948 ei
958 2896 1064 2976 seqq.
1082 2867 1191 2947 illum
1211 2865 1439 2960 illustravit,
1460 2880 1499 2943 et
1518 2864 1559 2943 in
1578 2863 1768 2972 Evangel.
1784 2865 2050 2972 quadruplici
2062 2883 2182 2973 porte
2198 2895 2252 2961 a,

444 3019 541 3098 pag.
563 2992 657 3070 DC.
679 2991 950 3070 characterum
974 2990 1172 3097 specimen
1192 3015 1280 3069 aere
1297 2987 1540 3094 insculptum
1558 2985 1698 3067 edidit.
1725 2986 1852 3067 Vetus
1870 2988 2018 3069 codicis
2038 2990 2257 3098 epigraphe

451 3110 696 3194 demonstrat
714 3115 826 3193 illum
838 3114 961 3194 veluti
981 3129 1185 3220 parentem
1202 3111 1450 3192 alcuinianae
1468 3109 1651 3191 codicum
1668 3111 1837 3192 familiae
1855 3113 2036 3193 habitum
2051 3112 2199 3220 luisse(
2225 3115 2254 3218 ).

449 3235 553 3316 Sunt
576 3253 709 3316 tamen
733 3238 797 3316 alii
822 3263 986 3344 quoque
1008 3235 1183 3330 codices,
1204 3236 1276 3342 qui
1299 3234 1476 3316 eiusdem
1498 3236 1652 3341 generis
1673 3236 1952 3342 inscriptiones
1970 3236 2166 3345 produnt.
2194 3236 2254 3318 cf.

451 3360 601 3438 Patrol.
623 3358 690 3438 lat.
713 3377 744 3439 t.
766 3360 834 3456 ct,
856 3358 934 3440 col.
957 3386 1050 3464 727.
1071 3386 1182 3467 seqq.
1205 3377 1245 3439 et
1273 3360 1387 3440 1165.
1410 3376 1441 3437 t.
1463 3358 1548 3456 CV,
1569 3359 1647 3439 col.
1670 3387 1762 3466 ²99·
1783 3375 1815 3438 t·.
1836 3361 2007 3456 CXXX,
2034 3361 2110 3440 col.
2138 3388 2254 3470 ¹¹97·

451 3480 600 3562 Eadem
617 3499 766 3578 aetate,
789 3499 859 3563 aut
876 3483 1039 3564 fortasse
1056 3485 1172 3564 etiam
1190 3483 1327 3590 paullo
1345 3483 1569 3580 vetustiori,
1591 3498 1776 3562 exaratus
1796 3480 1955 3562 videtur
1974 3511 2059 3591 qua
2081 3482 2210 3564 codex
2228 3485 2259 3564 C

452 3633 573 3713 supra
601 3605 846 3714 descriptus3
878 3637 901 3688 a
928 3635 1012 3716 quo
1039 3610 1082 3688 in
1109 3608 1187 3688 hoc
1216 3608 1384 3686 maxime
1411 3605 1545 3686 differt
1558 3663 1571 3702 ,
1600 3605 1712 3713 quod
1740 3607 1852 3686 nullo
1879 3624 2115 3688 ornamento
2142 3607 2259 3688 deeo-

453 3746 586 3828 ratur,
607 3730 677 3812 sed
703 3733 839 3838 potius
866 3760 1007 3838 magna
1034 3731 1283 3841 simplicitate
1305 3748 1427 3838 atque
1449 3729 1652 3834 diligentia
1679 3728 1903 3839 descriptus
1930 3749 2111 3839 apparet.
2137 3733 2260 3812 Patri·

455 3854 532 3934 bus
558 3854 758 3950 Oratorii,
783 3855 853 3962 qui
883 3855 1072 3962 singulari
1099 3856 1326 3937 urbanitate
1353 3855 1464 3936 illum
1491 3853 1724 3935 conferendi
1751 3871 1985 3961 potestatem
2013 3856 2133 3937 nobis
2158 3855 2262 3938 fece·
2363 3923 2364 3948 .

453 3996 571 4075 runt,
593 3979 751 4059 meritas
776 3993 906 4086 grates
933 3980 1208 4087 persolvimus.

562 4103 600 4182 5.
622 4100 723 4182 Cod.
748 4104 792 4180 E.
813 4104 898 4184 Hac
916 4104 1048 4184 littera
1065 4102 1317 4210 designamus
1335 4103 1512 4185 codicem
1530 4104 1835 4185 ottobonianum
1856 4106 1897 4184 in
1916 4106 2097 4186 vaticana
2119 4104 2260 4186 distin·
2364 4159 2365 4176 .

454 4242 562 4305 ctum
589 4253 757 4306 numero
782 4228 870 4323 66„
900 4226 1064 4307 membr.
1092 4228 1135 4308 in
1162 4229 1232 4309 fol.
1255 4228 1383 4308 forma
1409 4227 1623 4336 quadrata,
1652 4228 1788 4308 seculo
1814 4227 1923 4306 Vlll.
1948 4229 2159 4336 scriptum,
2190 4229 2259 4337 qui

453 4347 744 4430 Octateuchum
772 4351 1071 4458 complectitur:
1101 4368 1143 4432 at
1167 4353 1324 4459 priores
1349 4353 1517 4460 paginae
1543 4352 1626 4433 fere
1652 4351 1902 4433 oblitteratae
1929 4369 2047 4432 sunt:
2077 4350 2213 4434 delicit
2238 4383 2258 4432 a

454 4473 558 4553 Gen.
581 4472 659 4570 Vl,
687 4501 747 4552 ro.
770 4472 822 4554 ad
844 4474 939 4571 Vll,
969 4504 1055 4577 11.;
1079 4477 1246 4584 explicit
1267 4477 1319 4557 ad
1340 4476 1464 4558 ludic.
1487 4477 1581 4555 Xlll
1591 4535 1602 4571 ,
1626 4504 1715 4574 am,
1737 4503 1828 4555 nam
1850 4491 2049 4584 postrema
2071 4476 2167 4556 folia
2195 4505 2261 4557 ex·

329 4660 332 4666 .
454 4595 654 4677 ciderunt.
676 4600 736 4676 De
754 4595 892 4679 eodem
911 4600 1049 4706 paucis
1067 4601 1148 4706 agit
1163 4599 1421 4680 Blanehinius
1440 4602 1481 4680 iu
1504 4600 1733 4695 Vindiciis,
1749 4627 1794 4708 p.
1812 4601 2035 4680 XXXVI.
2053 4600 2145 4680 Non
2165 4629 2260 4708 pau·

454 4748 520 4800 cas
544 4719 760 4800 lectionum
788 4722 992 4803 varietates
1017 4721 1113 4804 iude
1136 4740 1387 4832 excerpserat
1403 4721 1587 4820 sirletus,
1608 4724 1678 4831 qui
1704 4725 1820 4806 hunc
1831 4721 2008 4804 codicem
2026 4723 2067 4802 in
2087 4724 2169 4804 suis
2192 4723 2259 4804 ad·

454 4844 638 4924 versariis
664 4842 840 4924 laudavit
866 4845 941 4924 sub
969 4847 1130 4927 nomine
1158 4847 1306 4929 codicis
1331 4848 1573 4943 cervinioni,
1597 4875 1646 4926 eo
1673 4845 1787 4954 quod
1814 4842 1866 4928 ad
1890 4847 2010 4929 Cani.
2031 4848 2259 4928 Marcellum

455 4968 669 5047 Cervinum
696 4969 958 5074 pertinuerat.
984 4971 1038 5049 At
1059 4997 1193 5078 neque
1212 4971 1399 5068 Sirletus,
1421 4997 1554 5079 neque
1575 4971 1834 5052 Blanehinius
1855 4969 2012 5052 odorati
2037 4989 2132 5052 sunt
2158 4989 2260 5052 vete·

561 5253 598 5318 (t)
615 5252 677 5308 Hoc
690 5249 753 5310 loeo
766 5265 869 5324 paucas
883 5252 1049 5326 supplemus
1060 5253 1146 5314 huius
1159 5253 1264 5315 codicis
1278 5271 1324 5313 va·
1428 5251 1539 5312 Codicis
1555 5253 1636 5314 istius
1654 5261 1723 5328 quot
1741 5263 1810 5314 sont
1827 5256 1857 5312 ia
1877 5269 1993 5328 corpore
2010 5263 2109 5314 aucto

454 5341 568 5398 rietates
583 5355 655 5414 quae
672 5339 752 5398 uobis
768 5340 932 5400 exciderunt
947 5342 977 5400 ia
993 5343 1131 5416 prioribus
1146 5345 1263 5402 Genesis
1279 5361 1323 5402 oa·
1484 5343 1616 5415 Depictae
1634 5342 1732 5402 formis
1750 5343 1893 5404 litterulae
1909 5345 2009 5413 vanu,

454 5427 575 5500 pitibus;
589 5426 665 5485 uude
679 5427 709 5484 id
724 5428 800 5501 quod
813 5432 965 5487 asserimus
979 5429 1014 5488 de
1029 5432 1091 5490 eius
1104 5429 1241 5490 affinitate
1257 5447 1321 5488 cum
1428 5430 1571 5488 Mercedes
1589 5430 1704 5502 babeat,
1723 5432 1834 5490 Christo
1852 5431 1991 5500 donante,
2009 5447 2058 5506 per
2074 5446 2172 5490 aevum

454 5516 550 5575 codiee
564 5517 604 5588 D,
617 5517 737 5575 maxime
753 5519 946 5576 confirmatur.
962 5519 1018 5577 Ubi
1032 5521 1108 5578 enim
1126 5521 1201 5578 hunc
1218 5529 1322 5593 postre
1481 5519 1535 5577 Tot
1550 5521 1667 5578 carolus
1686 5523 1762 5590 Rex,
1779 5521 1828 5594 qui
1848 5519 1969 5578 scribere
1986 5521 2069 5578 iussit
2086 5535 2160 5578 eum.

454 5620 534 5664 mum
547 5605 670 5665 codicem
688 5606 866 5666 laudavimus
880 5608 998 5666 adGeu.
1011 5609 1148 5679 11,a.v1‚
1161 5616 1188 5666 8.
1200 5611 1262 5679 vit,
1275 5616 1318 5666 aa.
1428 5607 1483 5666 Pro
1499 5623 1557 5680 me,
1572 5609 1691 5681 quisque
1709 5608 1786 5680 legas
1801 5621 1913 5677 versus,
1933 5622 2014 5665 orare
2034 5615 2188 5666 memento:

455 5693 537 5766 vill,
552 5701 580 5754 t.
593 5703 620 5754 ⁵.
635 5698 690 5764 lx,
709 5703 750 5754 18.
767 5693 854 5755 addes
869 5713 979 5772 quoque
996 5696 1120 5758 codicem
1137 5701 1173 5766 C,
1189 5700 1237 5771 qui
1256 5715 1320 5756 cum
1480 5699 1620 5756 Aictuiue
1635 5698 1715 5756 dicor
1732 5713 1794 5768 ego.
1814 5701 1857 5758 Tu
1875 5701 1937 5756 siue
1953 5699 2010 5756 tius
2029 5697 2097 5754 vale.

455 5781 505 5841 illo
524 5783 671 5843 consentit.
1395 5785 1437 5844 Ci.
1448 5787 1603 5846 vallarsius
1615 5789 1643 5844 iu
1654 5784 1752 5860 praes.
1761 5787 1803 5844 ud
1817 5789 2168 5861 t.1x.opp.s.Hter.,1,c
2182 5789 2258 5858 Long

561 5879 598 5940 (a)
619 5873 745 5934 Laudato
765 5874 917 5949 epigraphe
936 5875 1009 5934 inter
1029 5885 1120 5934 cetera
1141 5875 1241 5934 habet:
1399 5877 1530 5934 moluit.
1543 5891 1631 5934 sacro
1648 5881 1676 5945 1,
1694 5880 1775 5943 aaa,
1794 5865 1975 5935 itabillonius
1990 5879 2049 5933 tter
2061 5875 2156 5934 italic.
2168 5893 2198 5950 p.
2213 5881 2254 5934 ss.
