4830 6678
359 523 365 534 ·
460 515 545 590 1111
707 493 710 499 ’
1207 513 1526 599 ructatorum

460 694 509 746 ex
538 693 622 773 quo
649 693 730 744 non
759 663 815 742 illi
841 663 1049 746 dumtaxat
1080 665 1198 746 aetati
1227 665 1297 746 sed
1323 666 1583 775 sequentibus
1610 693 1774 776 quoque
1805 669 2030 776 periculum
2061 669 2268 752 imminere

459 805 636 896 poterat,
662 803 802 866 contra
827 815 874 866 ac
900 787 999 869 falso
1026 789 1066 867 in
1095 789 1326 896 nuperrime
1353 789 1548 870 damnatis
1575 791 1687 872 libris
1709 793 1872 899 Georgii
1902 793 2068 874 Hermes
2095 792 2267 877 traditur

459 911 737 1019 (Intmductio
756 911 800 990 in
824 909 1076 1019 Tleeologium
1100 912 1597 994 Christiano-eutholicom
1617 917 1837 1024 germanice
1860 913 1984 1011 edita,
2008 942 2100 1024 pars
2119 917 2263 1013 altera,

458 1066 502 1145 p.
524 1037 618 1142 [437.
636 1035 687 1114 V.
709 1033 976 1115 damnationis
994 1035 1196 1117 decretum
1216 1035 1280 1118 die
1298 1039 1447 1118 XXVI.
1468 1039 1683 1148 septembr.
1705 1069 1769 1120 an.
1792 1037 2162 1146 MDCCCXXXV.)
2174 1071 2267 1150 per-

456 1178 578 1268 petuo
597 1188 671 1243 suo
690 1160 861 1240 valituro
880 1160 1091 1258 decreto-et
1108 1178 1296 1245 nutantes
1314 1161 1484 1245 firmavit
1505 1165 1608 1244 circa
1634 1163 1828 1271 Vulgatae
1846 1165 2205 1263 authenticitatem,
2227 1181 2267 1244 ct

456 1285 657 1365 licentiam
685 1285 788 1364 circa
816 1285 1013 1368 variantes
1036 1284 1226 1366 lectiones
1249 1288 1489 1368 sanctissime
1513 1289 1701 1368 coercuit.
1726 1287 1805 1369 Sed
1829 1289 1906 1368 iam
1930 1316 2010 1395 qua
2035 1317 2076 1370 se
2103 1289 2266 1395 gesserit

458 1410 611 1492 ratione
638 1404 821 1490 Pontifex
846 1437 923 1521 pro
950 1409 1166 1492 emittenda
1193 1412 1235 1492 in
1263 1412 1407 1519 vulgus
1433 1429 1572 1521 parata
1598 1413 1676 1492 iam
1701 1413 1950 1494 correctione
1977 1412 2196 1496 videamus.

1285 1597 1322 1696 §.
1349 1592 1458 1677 XXI.

666 1750 827 1860 Quibus
851 1783 882 1877 'a
911 1753 1115 1835 Clemente
1139 1757 1182 1834 V
1180 1758 1270 1836 III.
1295 1783 1354 1839 res
1382 1755 1528 1838 ultt'mo
1550 1755 1802 1864 perfimeuda
1829 1757 2058 1838 commisse.

565 1913 746 1995 Ghislerii
769 1915 825 1994 ob
848 1915 986 1996 oculos
1008 1915 1292 2020 praehabenda
1318 1933 1377 1998 est
1399 1917 1538 1998 relatio
1559 1915 1810 1998 huiusmodi:
1835 1919 2020 2000 «Evecto
2040 1917 2200 1998 demum
2222 1922 2265 1999 in

462 2069 483 2111 s
505 2037 609 2116 Petri
636 2036 767 2117 sedem
787 2039 988 2121 Clemente
1006 2039 1145 2120 VIII..
1167 2101 1175 2120 .
1197 2040 1424 2147 ‚pastorale
1446 2069 1562 2122 suum
1587 2041 1821 2148 expleturus
1841 2069 2008 2138 munus,
2034 2041 2265 2150 aggredien-

462 2159 594 2240 sdam
622 2162 751 2242 statim
770 2163 924 2242 curavit
942 2163 1067 2270 ipsam
1094 2164 1326 2246 emendatae
1347 2163 1538 2273 Vulgatae
1561 2166 1935 2273 promulgationem.
1961 2168 2086 2246 Porro
2111 2193 2195 2274 quo
2219 2193 2265 2246 ea

462 2284 685 2392 »prodiret
711 2287 854 2383 tutior,
879 2288 1009 2368 tribus
1035 2287 1078 2368 id
1104 2290 1238 2397 operis
1265 2288 1518 2372 demandavit
1544 2289 1843 2384 Cardinalibus,
1864 2291 2079 2370 Veronensi
2102 2292 2266 2397 (Augu-

463 2408 608 2489 »stino
633 2409 814 2506 Valerio,
845 2412 925 2494 sive
948 2411 1159 2517 Valiero),
1189 2411 1408 2494 Borromeo
1431 2413 1677 2519 (Federico)
1707 2431 1830 2521 atque
1858 2413 2001 2495 Toleto
2028 2413 2266 2520 (Francisco

462 2567 483 2608 1
505 2559 527 2612 e
549 2559 632 2614 soc.
654 2534 743 2614 lesu
756 2537 784 2638 ).
806 2536 971 2643 »Atqui
996 2563 1044 2616 eo
1066 2552 1246 2644 tempore
1262 2536 1428 2618 Toletus
1450 2537 1630 2618 nondum
1655 2550 1796 2618 auctus
1816 2538 1947 2618 fuerat
1968 2538 2033 2618 illa
2052 2537 2262 2646 dignitate,

462 2656 539 2736 hoc
565 2658 692 2754 euim,
721 2660 895 2740 triennio
923 2677 1015 2768 post
1041 2660 1205 2760 accidit3
1235 2659 1450 2744 dicendum
1477 2661 1599 2767 igitur
1626 2662 1844 2744 erat'binis
1871 2661 2151 2745 Cardioalibus
2178 2689 2264 2744 eam

460 2805 594 2860 curam
613 2778 909 2880 demandatam,
930 2783 1202 2866 coadiutorem
1220 2801 1351 2864 autem
1371 2783 1492 2864 fuisse
1510 2783 1745 2866 adiunctum
1763 2813 1805 2893 p.
1822 2784 2025 2885 Toletum3
2048 2813 2139 2866 nam
2158 2803 2265 2866 certe

458 2907 651 2988 maximae
682 2906 845 2988 fuerunt
878 2908 953 2990 sub
981 2909 1184 2992 Clemente
1211 2907 1429 2990 doctissimi
1459 2910 1573 2992 istius
1598 2909 1674 2988 viri
1698 2927 1833 3016 partes
1860 2910 1902 2988 in
1932 2908 2152 2990 Bibliorum
2181 2909 2265 2990 edi-

458 3031 568 3112 tione
582 3091 593 3128 ,
623 3049 668 3111 ut
694 3033 799 3116 iufra
826 3035 944 3117 latius
972 3033 1250 3142 explicabitur.
1280 3034 1469 3140 Sequitur
1492 3031 1638 3114 deinde
1659 3033 1894 3114 Ghislerius:
1919 3035 2008 3114 «Et
2034 3033 2196 3142 quidem
2223 3036 2265 3114 in

461 3188 484 3230 s
503 3155 579 3236 hac
605 3173 805 3256 extrema,
835 3157 886 3238 ad
914 3159 1228 3265 praeexpositam
1255 3156 1595 3253 emendationem,
1625 3185 1771 3254 11111,
1800 3157 1916 3237 labor
1941 3157 2025 3238 fere
2051 3175 2160 3239 totus
2188 3157 2266 3237 fuit

462 3280 724 3364 »Cardiualis
750 3281 900 3376 Toleti,
925 3283 1038 3364 cuius
1064 3281 1190 3362 Biblia
1218 3309 1268 3362 ex
1293 3282 1361 3378 iis,
1387 3309 1490 3388 quae
1512 3310 1536 3361 a
1559 3280 1670 3361 sisto
1693 3282 1745 3362 V.
1767 3280 1925 3362 fueraut
1951 3283 2161 3389 impressa,
2179 3281 2267 3361 eius

462 3435 482 3478 1
504 3406 667 3512 propria
686 3434 806 3486 manu
825 3420 1022 3500 correcta,
1044 3421 1083 3486 et
1101 3433 1193 3486 cum
1211 3405 1434 3486 rationibus
1451 3407 1697 3511 singularum
1715 3405 2009 3484 correctionum
2032 3406 2267 3512 positarum·

462 3560 483 3601 s
504 3555 584 3636 que
610 3528 827 3614 lectionum
855 3529 905 3612 ad
932 3530 1147 3636 marginem
1174 3528 1386 3625 adhibitis,
1416 3529 1460 3609 in
1487 3529 1666 3609 vaticana
1693 3540 1904 3608 servantur
1929 3527 2197 3624 bibliotheca,
2227 3545 2268 3608 et

463 3678 556 3732 »ex
581 3653 696 3761 ipsis,
724 3656 868 3762 praelis
894 3653 1046 3738 ibidem
1072 3655 1284 3750 vaticanis,
1310 3653 1555 3735 auctoritatis
1582 3670 1620 3734 et
1646 3651 1961 3734 confirmationis
1988 3651 2148 3733 decreto
2175 3679 2267 3732 san-

463 3809 483 3852 »
505 3777 665 3859 ctissimi
685 3781 815 3887 Papae
833 3779 1046 3862 Clementis
1063 3777 1171 3860 VIII.
1193 3777 1300 3860 edita
1323 3794 1431 3858 sunt.
1453 3811 1473 3854 1
1494 3776 1620 3878 Quod
1639 3778 1704 3858 bie
1724 3778 1941 3884 generatim
1964 3775 2263 3872 tantummodo,

460 3916 501 3980 et
527 3903 658 3982 miuus
686 3901 870 3984 distincte
889 3903 1218 4012 proferteuctor,
1239 3901 1370 3984 latiori
1398 3902 1649 3983 enarratione
1675 3899 1841 4010 dignum
1866 3929 1949 3982 esse
1976 3901 2152 3982 videtur:
2175 3929 2268 3982 curn

460 4023 567 4106 aliud
595 4026 778 4132 prolecto
806 4030 857 4108 sit
883 4031 1064 4137 priorum
1094 4026 1417 4108 emendationum
1445 4028 1621 4108 rationes
1648 4025 1815 4125 afferre3
1840 4025 1950 4106 aliud
1977 4053 2072 4106 vero
2099 4027 2267 4106 latinum

459 4163 612 4230 textum
639 4150 716 4228 iarn
743 4168 858 4232 antea
885 4153 1264 4261 quomodocumque
1292 4151 1546 4232 emendatum
1572 4177 1711 4231 rursus
1737 4149 1970 4247 emendare,
1999 4166 2085 4230 tum
2113 4149 2268 4258 aliquid

459 4273 670 4380 proprium
688 4273 739 4358 ad
757 4278 1044 4358 accuratiorem
1067 4277 1364 4384 castigationem
1387 4276 1547 4357 addere.
1573 4277 1675 4357 Cum
1695 4275 1831 4382 itaque
1849 4275 2081 4356 Franciscus
2101 4275 2269 4354 Toletua

459 4397 503 4476 in
521 4396 658 4480 codice
677 4399 858 4482 vaticano
878 4419 1094 4510 utrumque
1111 4401 1368 4509 praestiterit,
1389 4399 1648 4506 ghislerianae
1668 4401 1910 4480 narrationis
1930 4427 2071 4480 sensus
2094 4417 2172 4496 est,
2193 4397 2270 4479 To·

460 4520 582 4602 letum
610 4551 775 4604 munere
802 4555 825 4606 a
853 4527 1046 4608 Pontifice
1073 4527 1260 4633 imposito
1287 4524 1470 4606 functum
1494 4541 1648 4605 textum
1674 4521 1972 4632 percurrendo,
2002 4525 2147 4604 omissa
2173 4551 2269 4631 sup·

460 4644 629 4753 plendo‚
656 4677 839 4757 quaeque
858 4649 982 4732 dubia
999 4667 1293 4744 remanserant,
1320 4649 1509 4731 alterutra
1531 4649 1703 4730 lectione
1725 4649 1886 4742 selecta,
1908 4647 2123 4747 firmand03
2148 4667 2269 4756 prout

460 4769 503 4848 in
529 4771 622 4852 loco
642 4774 747 4854 Gen.
769 4772 957 4871 XLVIII,
984 4779 1046 4857 15.
1067 4776 1214 4857 factum
1238 4774 1437 4871 videmus,
1459 4773 1603 4854 editam
1630 4775 1778 4856 scilicet
1799 4774 1920 4854 fuisse
1941 4773 2041 4854 Sixti
2059 4773 2111 4852 V.
2132 4773 2269 4855 lectio·

460 4922 552 4976 nem
580 4901 782 5006 propriam
809 4901 1099 4982 lovaniensium
1119 4901 1301 5010 quidem,
1322 4899 1394 4980 sed
1412 4899 1461 4979 de
1479 4927 1560 5007 qua
1578 4917 1710 4980 tamen
1738 4915 1882 4978 neutra
1900 4899 2271 5004 incongregatione

461 5020 613 5128 aliquid
644 5041 746 5104 esset
770 5024 978 5106 definitum
1003 5029 1074 5133 (1).
1103 5031 1277 5106 Praestat
1302 5051 1412 5105 nunc
1443 5024 1548 5104 illius
1578 5022 1726 5103 codicis
1753 5022 2024 5104 conditionem
2054 5023 2271 5103 lectoribus

461 5147 669 5246 exhibere3
694 5149 923 5231 huiusmodi
949 5153 1054 5231 enim
1079 5169 1138 5231 est
1165 5168 1209 5230 ut
1232 5165 1416 5230 accurate
1441 5147 1553 5226 illurn
1574 5146 1868 5258 pervolvendo,
1890 5145 2002 5254 quod
2030 5175 2103 5226 nos
2129 5147 2269 5227 maiori

462 5297 542 5376 qua
560 5271 766 5377 potuimus
785 5272 989 5381 diligentia
1006 5274 1294 5380 praestitimus,
1315 5288 1538 5380 postremae
1560 5271 1728 5352 huiusce
1748 5270 2005 5352 correctionis
2026 5270 2185 5381 plenior
2203 5298 2271 5350 uo·

568 5488 606 5552 (1)
623 5485 757 5557 Quamvis
769 5487 950 5558 Ungareliiua
964 5484 1039 5544 dicat
1052 5491 1159 5544 neutro
1171 5489 1202 5542 111
1213 5499 1331 5559 conpre-
1400 5500 1464 5542 rum
1479 5481 2271 5554 11111111111111111111,111111111111,1111111111

460 5577 578 5649 petione
595 5574 743 5633 delinitum
762 5575 836 5634 eirea
852 5578 1002 5635 lectionem
1020 5577 1094 5636 Gen.
1112 5577 1246 5643 XLVIII,
1267 5581 1327 5646 it,
1402 5575 1565 5634 censoribus
1587 5574 1766 5640 excitarant,
1790 5571 1975 5644 supplentum
1998 5571 2084 5644 idque
2107 5585 2140 5628 ex
2165 5569 2271 5628 uostris

461 5673 573 5724 1111111
592 5673 687 5723 tameo
708 5665 826 5724 11111111
847 5667 982 5741 1111111111
1005 5666 1141 5738 delegisse
1163 5667 1330 5735 lectionem,
1402 5663 1596 5724 notationibus
1612 5662 1725 5721 abunde
1734 5659 1884 5718 constabit.
1901 5665 1992 5718 Immo
2006 5658 2176 5734 quaudoque
2188 5658 2274 5716 ‘role-

463 5751 498 5810 de
513 5769 568 5828 qua
586 5754 665 5828 plura
684 5754 769 5812 1111111
785 5756 815 5811 11
833 5755 935 5813 nostrii
954 5755 989 5814 ad
1007 5755 1083 5814 11111
1100 5756 1192 5812 Iocum
1210 5754 1329 5812 notatio·
1399 5762 1447 5812 tus
1460 5754 1581 5813 altorum
1596 5751 1763 5810 mutantium
1780 5750 1926 5824 castigavit
1937 5750 2096 5822 refluitque,
2110 5749 2153 5807 uti
2168 5763 2210 5804 ex.
2225 5763 2270 5818 gr.

462 5843 557 5902 uibus.
578 5845 707 5903 Ceterum
728 5841 869 5904 1111111111
888 5853 956 5905 suot
976 5861 1047 5920 quse
1068 5845 1250 5918 Ungarelliua
1271 5844 1332 5902 heic
1403 5845 1541 5910 11111111,
1557 5847 1597 5899 it.
1613 5840 1639 5895 II
1653 5839 1716 5896 cor.
1730 5839 1782 5909 vi,
1800 5845 1842 5896 Iu.
1857 5839 1954 5897 I'rirn.
1970 5841 2017 5908 VI,
2031 5843 2059 5896 a.
2072 5841 2158 5911 Apes.
2175 5839 2227 5907 111,
2241 5841 2271 5894 5.

463 5931 588 5991 declarat
603 5934 638 5993 de
651 5935 740 5993 Toleti
758 5951 855 6008 opere,
870 5937 898 5994 in
916 5951 973 6010 quo
988 5944 1048 5993 turn
1066 5936 1188 5994 11111111
1206 5941 1330 6008 peracta«
1403 5931 1439 5990 de
1456 5931 1559 6006 quitus
1575 5943 1628 5990 suo
1646 5929 1709 5988 ioco
1727 5943 1852 6003 agemus.
