<?xml version="1.0" encoding="UTF-8"?>
<!DOCTYPE html PUBLIC "-//W3C//DTD XHTML 1.0 Transitional//EN"
    "http://www.w3.org/TR/xhtml1/DTD/xhtml1-transitional.dtd">
<html xmlns="http://www.w3.org/1999/xhtml" xml:lang="en" lang="en">
 <head>
  <title>
</title>
<meta http-equiv="Content-Type" content="text/html;charset=utf-8" />
  <meta name='ocr-system' content='tesseract 3.04.00' />
  <meta name='ocr-capabilities' content='ocr_page ocr_carea ocr_par ocr_line ocrx_word'/>
</head>
<body>
  <div class='ocr_page' id='page_1' title='image "./variaelectiones00vercgoog_0056.png"; bbox 0 0 4804 6692; ppageno 0'>
   <div class='ocr_carea' id='block_1_1' title="bbox 868 417 1930 499">
    <p class='ocr_par' dir='ltr' id='par_1_1' title="bbox 868 417 1930 499">
     <span class='ocr_line' id='line_1_1' title="bbox 868 417 1930 499; baseline -0.004 -3"><span class='ocrx_word' id='word_1_1' title='bbox 868 419 1183 499; x_wconf 77' lang='lat' dir='ltr'>PROLEGOMENA</span> <span class='ocrx_word' id='word_1_2' title='bbox 1890 417 1930 492; x_wconf 86' lang='lat' dir='ltr'><strong>tl</strong></span> 
     </span>
    </p>
   </div>
   <div class='ocr_carea' id='block_1_2' title="bbox 124 569 1934 2922">
    <p class='ocr_par' dir='ltr' id='par_1_2' title="bbox 124 569 1934 2922">
     <span class='ocr_line' id='line_1_2' title="bbox 128 569 1931 684; baseline -0.002 -30"><span class='ocrx_word' id='word_1_3' title='bbox 128 574 263 681; x_wconf 84' lang='lat' dir='ltr'><strong>igitur:</strong></span> <span class='ocrx_word' id='word_1_4' title='bbox 285 603 306 648; x_wconf 81' lang='lat' dir='ltr'><strong>r</strong></span> <span class='ocrx_word' id='word_1_5' title='bbox 327 575 535 654; x_wconf 82' lang='lat' dir='ltr'><strong>Decretum</strong></span> <span class='ocrx_word' id='word_1_6' title='bbox 562 591 767 682; x_wconf 84' lang='lat' dir='ltr'><strong>praeterea</strong></span> <span class='ocrx_word' id='word_1_7' title='bbox 793 575 889 673; x_wconf 88' lang='lat' dir='ltr'><strong>fuit,</strong></span> <span class='ocrx_word' id='word_1_8' title='bbox 913 594 959 656; x_wconf 88' lang='lat' dir='ltr'><strong>nt</strong></span> <span class='ocrx_word' id='word_1_9' title='bbox 985 576 1139 684; x_wconf 86' lang='lat' dir='ltr'><strong>singula</strong></span> <span class='ocrx_word' id='word_1_10' title='bbox 1165 597 1328 682; x_wconf 89' lang='lat' dir='ltr'><strong>quaque</strong></span> <span class='ocrx_word' id='word_1_11' title='bbox 1357 569 1606 654; x_wconf 90' lang='lat' dir='ltr'><strong>hebdomada</strong></span> <span class='ocrx_word' id='word_1_12' title='bbox 1634 587 1714 650; x_wconf 89' lang='lat' dir='ltr'><strong>tres</strong></span> <span class='ocrx_word' id='word_1_13' title='bbox 1740 570 1931 652; x_wconf 89' lang='lat' dir='ltr'><strong>baberen-</strong></span> 
     </span>
     <span class='ocr_line' id='line_1_3' title="bbox 131 695 1928 804; baseline -0.003 -28"><span class='ocrx_word' id='word_1_14' title='bbox 131 707 236 778; x_wconf 84' lang='lat' dir='ltr'><strong>sittr</strong></span> <span class='ocrx_word' id='word_1_15' title='bbox 261 697 618 804; x_wconf 86' lang='lat' dir='ltr'><strong>Congregationes,</strong></span> <span class='ocrx_word' id='word_1_16' title='bbox 645 699 687 780; x_wconf 90' lang='lat' dir='ltr'><strong>in</strong></span> <span class='ocrx_word' id='word_1_17' title='bbox 713 698 778 780; x_wconf 88' lang='lat' dir='ltr'><strong>dic</strong></span> <span class='ocrx_word' id='word_1_18' title='bbox 804 700 952 782; x_wconf 90' lang='lat' dir='ltr'><strong>scilicet</strong></span> <span class='ocrx_word' id='word_1_19' title='bbox 974 700 1093 780; x_wconf 88' lang='lat' dir='ltr'><strong>lunae</strong></span> <span class='ocrx_word' id='word_1_20' title='bbox 1118 699 1363 792; x_wconf 69' lang='lat' dir='ltr'><strong>reveneris,</strong></span> <span class='ocrx_word' id='word_1_21' title='bbox 1390 695 1540 804; x_wconf 92' lang='lat' dir='ltr'><strong>quibus</strong></span> <span class='ocrx_word' id='word_1_22' title='bbox 1563 696 1760 776; x_wconf 81' lang='lat' dir='ltr'><strong>intersunt</strong></span> <span class='ocrx_word' id='word_1_23' title='bbox 1782 697 1928 777; x_wconf 87' lang='lat' dir='ltr'><strong>illustr.</strong></span> 
     </span>
     <span class='ocr_line' id='line_1_4' title="bbox 133 818 1933 923; baseline -0.001 -23"><span class='ocrx_word' id='word_1_24' title='bbox 133 820 397 904; x_wconf 72' lang='lat' dir='ltr'><strong>»cardinales</strong></span> <span class='ocrx_word' id='word_1_25' title='bbox 424 824 618 906; x_wconf 78' lang='lat' dir='ltr'><strong>Columna</strong></span> <span class='ocrx_word' id='word_1_26' title='bbox 645 825 798 918; x_wconf 90' lang='lat' dir='ltr'><strong>senior,</strong></span> <span class='ocrx_word' id='word_1_27' title='bbox 821 841 861 904; x_wconf 90' lang='lat' dir='ltr'><strong>et</strong></span> <span class='ocrx_word' id='word_1_28' title='bbox 889 825 1038 910; x_wconf 83' lang='lat' dir='ltr'><strong>Alanus</strong></span> <span class='ocrx_word' id='word_1_29' title='bbox 1063 841 1102 904; x_wconf 91' lang='lat' dir='ltr'><strong>et</strong></span> <span class='ocrx_word' id='word_1_30' title='bbox 1131 823 1396 923; x_wconf 64' lang='lat' dir='ltr'><strong>consultorem</strong></span> <span class='ocrx_word' id='word_1_31' title='bbox 1417 837 1458 900; x_wconf 89' lang='lat' dir='ltr'><strong>et</strong></span> <span class='ocrx_word' id='word_1_32' title='bbox 1486 821 1529 900; x_wconf 91' lang='lat' dir='ltr'><strong>in</strong></span> <span class='ocrx_word' id='word_1_33' title='bbox 1555 818 1620 900; x_wconf 91' lang='lat' dir='ltr'><strong>die</strong></span> <span class='ocrx_word' id='word_1_34' title='bbox 1643 819 1762 915; x_wconf 89' lang='lat' dir='ltr'><strong>ioris,</strong></span> <span class='ocrx_word' id='word_1_35' title='bbox 1785 821 1849 900; x_wconf 89' lang='lat' dir='ltr'><strong>oni</strong></span> <span class='ocrx_word' id='word_1_36' title='bbox 1873 820 1933 899; x_wconf 94' lang='lat' dir='ltr'><strong>in·</strong></span> 
     </span>
     <span class='ocr_line' id='line_1_5' title="bbox 133 945 1932 1055; baseline 0.001 -33"><span class='ocrx_word' id='word_1_37' title='bbox 133 963 323 1054; x_wconf 77' lang='lat' dir='ltr'><strong>stersunt</strong></span> <span class='ocrx_word' id='word_1_38' title='bbox 340 964 490 1055; x_wconf 92' lang='lat' dir='ltr'><strong>septem</strong></span> <span class='ocrx_word' id='word_1_39' title='bbox 511 945 741 1028; x_wconf 87' lang='lat' dir='ltr'><strong>Cardinaies</strong></span> <span class='ocrx_word' id='word_1_40' title='bbox 760 973 879 1055; x_wconf 89' lang='lat' dir='ltr'><strong>supra</strong></span> <span class='ocrx_word' id='word_1_41' title='bbox 899 948 1115 1044; x_wconf 90' lang='lat' dir='ltr'><strong>nominati,</strong></span> <span class='ocrx_word' id='word_1_42' title='bbox 1141 975 1215 1026; x_wconf 90' lang='lat' dir='ltr'><strong>nec</strong></span> <span class='ocrx_word' id='word_1_43' title='bbox 1234 975 1317 1028; x_wconf 91' lang='lat' dir='ltr'><strong>non</strong></span> <span class='ocrx_word' id='word_1_44' title='bbox 1336 945 1598 1027; x_wconf 84' lang='lat' dir='ltr'><strong>consultores.</strong></span> <span class='ocrx_word' id='word_1_45' title='bbox 1630 946 1748 1026; x_wconf 90' lang='lat' dir='ltr'><strong>Hisce</strong></span> <span class='ocrx_word' id='word_1_46' title='bbox 1767 945 1808 1024; x_wconf 94' lang='lat' dir='ltr'><strong>in</strong></span> <span class='ocrx_word' id='word_1_47' title='bbox 1827 947 1932 1026; x_wconf 85' lang='lat' dir='ltr'><strong>Con·</strong></span> 
     </span>
     <span class='ocr_line' id='line_1_6' title="bbox 133 1068 1932 1180; baseline 0.001 -33"><span class='ocrx_word' id='word_1_48' title='bbox 133 1071 467 1180; x_wconf 78' lang='lat' dir='ltr'><strong>agregationibus</strong></span> <span class='ocrx_word' id='word_1_49' title='bbox 485 1072 629 1177; x_wconf 84' lang='lat' dir='ltr'><strong>legitur</strong></span> <span class='ocrx_word' id='word_1_50' title='bbox 646 1085 783 1152; x_wconf 83' lang='lat' dir='ltr'><strong>textus</strong></span> <span class='ocrx_word' id='word_1_51' title='bbox 802 1071 852 1152; x_wconf 92' lang='lat' dir='ltr'><strong>de</strong></span> <span class='ocrx_word' id='word_1_52' title='bbox 875 1071 999 1152; x_wconf 87' lang='lat' dir='ltr'><strong>verbo</strong></span> <span class='ocrx_word' id='word_1_53' title='bbox 1020 1071 1071 1154; x_wconf 92' lang='lat' dir='ltr'><strong>ad</strong></span> <span class='ocrx_word' id='word_1_54' title='bbox 1094 1070 1281 1166; x_wconf 88' lang='lat' dir='ltr'><strong>verbum,</strong></span> <span class='ocrx_word' id='word_1_55' title='bbox 1305 1068 1450 1150; x_wconf 89' lang='lat' dir='ltr'><strong>illustr.</strong></span> <span class='ocrx_word' id='word_1_56' title='bbox 1473 1068 1753 1150; x_wconf 86' lang='lat' dir='ltr'><strong>Cardinalibns</strong></span> <span class='ocrx_word' id='word_1_57' title='bbox 1775 1087 1816 1148; x_wconf 89' lang='lat' dir='ltr'><strong>et</strong></span> <span class='ocrx_word' id='word_1_58' title='bbox 1837 1097 1932 1150; x_wconf 87' lang='lat' dir='ltr'><strong>con·</strong></span> 
     </span>
     <span class='ocr_line' id='line_1_7' title="bbox 129 1192 1934 1292; baseline 0.002 -22"><span class='ocrx_word' id='word_1_59' title='bbox 129 1194 387 1276; x_wconf 67' lang='lat' dir='ltr'><strong>assultoribus</strong></span> <span class='ocrx_word' id='word_1_60' title='bbox 414 1192 682 1275; x_wconf 80' lang='lat' dir='ltr'><strong>audientibus.</strong></span> <span class='ocrx_word' id='word_1_61' title='bbox 709 1196 757 1274; x_wconf 92' lang='lat' dir='ltr'><strong>In</strong></span> <span class='ocrx_word' id='word_1_62' title='bbox 775 1194 966 1276; x_wconf 84' lang='lat' dir='ltr'><strong>varietate</strong></span> <span class='ocrx_word' id='word_1_63' title='bbox 985 1195 1201 1276; x_wconf 91' lang='lat' dir='ltr'><strong>lectionum</strong></span> <span class='ocrx_word' id='word_1_64' title='bbox 1221 1193 1489 1276; x_wconf 84' lang='lat' dir='ltr'><strong>consuluntur</strong></span> <span class='ocrx_word' id='word_1_65' title='bbox 1507 1194 1631 1274; x_wconf 90' lang='lat' dir='ltr'><strong>Biblia</strong></span> <span class='ocrx_word' id='word_1_66' title='bbox 1652 1193 1873 1292; x_wconf 89' lang='lat' dir='ltr'><strong>elaborata,</strong></span> <span class='ocrx_word' id='word_1_67' title='bbox 1895 1212 1934 1274; x_wconf 93' lang='lat' dir='ltr'><strong>et</strong></span> 
     </span>
     <span class='ocr_line' id='line_1_8' title="bbox 133 1317 1932 1425; baseline 0.001 -31"><span class='ocrx_word' id='word_1_68' title='bbox 133 1320 359 1425; x_wconf 79' lang='lat' dir='ltr'><strong>»impressa</strong></span> <span class='ocrx_word' id='word_1_69' title='bbox 384 1319 437 1398; x_wconf 89' lang='lat' dir='ltr'><strong>ab</strong></span> <span class='ocrx_word' id='word_1_70' title='bbox 460 1317 726 1400; x_wconf 84' lang='lat' dir='ltr'><strong>Universitate</strong></span> <span class='ocrx_word' id='word_1_71' title='bbox 752 1318 993 1412; x_wconf 84' lang='lat' dir='ltr'><strong>lovaniensi,</strong></span> <span class='ocrx_word' id='word_1_72' title='bbox 1019 1346 1092 1400; x_wconf 88' lang='lat' dir='ltr'><strong>nec</strong></span> <span class='ocrx_word' id='word_1_73' title='bbox 1110 1347 1197 1398; x_wconf 89' lang='lat' dir='ltr'><strong>non</strong></span> <span class='ocrx_word' id='word_1_74' title='bbox 1221 1319 1407 1398; x_wconf 88' lang='lat' dir='ltr'><strong>hebraica</strong></span> <span class='ocrx_word' id='word_1_75' title='bbox 1430 1333 1470 1398; x_wconf 92' lang='lat' dir='ltr'><strong>et</strong></span> <span class='ocrx_word' id='word_1_76' title='bbox 1492 1345 1631 1424; x_wconf 76' lang='lat' dir='ltr'><strong>gruem</strong></span> <span class='ocrx_word' id='word_1_77' title='bbox 1657 1334 1697 1398; x_wconf 92' lang='lat' dir='ltr'><strong>et</strong></span> <span class='ocrx_word' id='word_1_78' title='bbox 1719 1320 1932 1398; x_wconf 87' lang='lat' dir='ltr'><strong>manuscri-</strong></span> 
     </span>
     <span class='ocr_line' id='line_1_9' title="bbox 129 1440 1929 1551; baseline 0.003 -33"><span class='ocrx_word' id='word_1_79' title='bbox 129 1475 151 1518; x_wconf 61' lang='grc' dir='ltr'><strong><em>ω</em></strong></span> <span class='ocrx_word' id='word_1_80' title='bbox 170 1460 236 1551; x_wconf 88' lang='lat' dir='ltr'><strong>pta</strong></span> <span class='ocrx_word' id='word_1_81' title='bbox 264 1470 369 1549; x_wconf 86' lang='lat' dir='ltr'><strong>quse</strong></span> <span class='ocrx_word' id='word_1_82' title='bbox 397 1443 437 1522; x_wconf 89' lang='lat' dir='ltr'><strong>in</strong></span> <span class='ocrx_word' id='word_1_83' title='bbox 466 1443 651 1524; x_wconf 86' lang='lat' dir='ltr'><strong>volumen</strong></span> <span class='ocrx_word' id='word_1_84' title='bbox 680 1471 805 1522; x_wconf 92' lang='lat' dir='ltr'><strong>unum</strong></span> <span class='ocrx_word' id='word_1_85' title='bbox 835 1441 997 1524; x_wconf 84' lang='lat' dir='ltr'><strong>collecta</strong></span> <span class='ocrx_word' id='word_1_86' title='bbox 1024 1443 1184 1522; x_wconf 91' lang='lat' dir='ltr'><strong>suntin</strong></span> <span class='ocrx_word' id='word_1_87' title='bbox 1208 1442 1375 1524; x_wconf 88' lang='lat' dir='ltr'><strong>aedibus</strong></span> <span class='ocrx_word' id='word_1_88' title='bbox 1399 1440 1785 1522; x_wconf 84' lang='lat' dir='ltr'><strong>lil.Card.Caraiae</strong></span> <span class='ocrx_word' id='word_1_89' title='bbox 1812 1442 1854 1522; x_wconf 87' lang='lat' dir='ltr'><strong>b..</strong></span> <span class='ocrx_word' id='word_1_90' title='bbox 1879 1473 1929 1524; x_wconf 92' lang='lat' dir='ltr'><strong>m.</strong></span> 
     </span>
     <span class='ocr_line' id='line_1_10' title="bbox 130 1565 1932 1676; baseline 0.003 -34"><span class='ocrx_word' id='word_1_91' title='bbox 130 1599 151 1642; x_wconf 84' lang='lat' dir='ltr'><strong>a</strong></span> <span class='ocrx_word' id='word_1_92' title='bbox 169 1567 207 1647; x_wconf 88' lang='lat' dir='ltr'><strong>Si</strong></span> <span class='ocrx_word' id='word_1_93' title='bbox 244 1594 325 1673; x_wconf 90' lang='lat' dir='ltr'><strong>qua</strong></span> <span class='ocrx_word' id='word_1_94' title='bbox 357 1591 441 1646; x_wconf 80' lang='lat' dir='ltr'><strong>sese</strong></span> <span class='ocrx_word' id='word_1_95' title='bbox 471 1566 649 1648; x_wconf 82' lang='lat' dir='ltr'><strong>offerunt</strong></span> <span class='ocrx_word' id='word_1_96' title='bbox 680 1565 804 1646; x_wconf 90' lang='lat' dir='ltr'><strong>dubia</strong></span> <span class='ocrx_word' id='word_1_97' title='bbox 831 1569 874 1645; x_wconf 93' lang='lat' dir='ltr'><strong>in</strong></span> <span class='ocrx_word' id='word_1_98' title='bbox 900 1566 1279 1672; x_wconf 84' lang='lat' dir='ltr'><strong>congregationibus</strong></span> <span class='ocrx_word' id='word_1_99' title='bbox 1306 1567 1470 1676; x_wconf 88' lang='lat' dir='ltr'><strong>privatis</strong></span> <span class='ocrx_word' id='word_1_100' title='bbox 1502 1585 1570 1648; x_wconf 90' lang='lat' dir='ltr'><strong>aut</strong></span> <span class='ocrx_word' id='word_1_101' title='bbox 1602 1567 1851 1666; x_wconf 87' lang='lat' dir='ltr'><strong>minoribus,</strong></span> <span class='ocrx_word' id='word_1_102' title='bbox 1882 1567 1932 1648; x_wconf 91' lang='lat' dir='ltr'><strong>ad</strong></span> 
     </span>
     <span class='ocr_line' id='line_1_11' title="bbox 133 1689 1931 1798; baseline 0.003 -32"><span class='ocrx_word' id='word_1_103' title='bbox 133 1693 526 1798; x_wconf 79' lang='lat' dir='ltr'><strong>»Congregationem</strong></span> <span class='ocrx_word' id='word_1_104' title='bbox 553 1691 778 1798; x_wconf 85' lang='lat' dir='ltr'><strong>generalem</strong></span> <span class='ocrx_word' id='word_1_105' title='bbox 804 1689 1047 1772; x_wconf 90' lang='lat' dir='ltr'><strong>deferantur.</strong></span> <span class='ocrx_word' id='word_1_106' title='bbox 1076 1693 1133 1771; x_wconf 90' lang='lat' dir='ltr'><strong>De</strong></span> <span class='ocrx_word' id='word_1_107' title='bbox 1153 1692 1200 1771; x_wconf 90' lang='lat' dir='ltr'><strong>iis</strong></span> <span class='ocrx_word' id='word_1_108' title='bbox 1223 1707 1354 1772; x_wconf 91' lang='lat' dir='ltr'><strong>autem</strong></span> <span class='ocrx_word' id='word_1_109' title='bbox 1381 1717 1487 1798; x_wconf 92' lang='lat' dir='ltr'><strong>quae</strong></span> <span class='ocrx_word' id='word_1_110' title='bbox 1514 1691 1724 1773; x_wconf 87' lang='lat' dir='ltr'><strong>deliberari</strong></span> <span class='ocrx_word' id='word_1_111' title='bbox 1746 1720 1820 1772; x_wconf 89' lang='lat' dir='ltr'><strong>nec</strong></span> <span class='ocrx_word' id='word_1_112' title='bbox 1840 1694 1931 1772; x_wconf 89' lang='lat' dir='ltr'><strong>item</strong></span> 
     </span>
     <span class='ocr_line' id='line_1_12' title="bbox 133 1813 1933 1924; baseline 0.003 -32"><span class='ocrx_word' id='word_1_113' title='bbox 133 1832 340 1924; x_wconf 75' lang='lat' dir='ltr'><strong>»possunt</strong></span> <span class='ocrx_word' id='word_1_114' title='bbox 357 1817 400 1894; x_wconf 92' lang='lat' dir='ltr'><strong>in</strong></span> <span class='ocrx_word' id='word_1_115' title='bbox 418 1816 736 1922; x_wconf 89' lang='lat' dir='ltr'><strong>Congregatione</strong></span> <span class='ocrx_word' id='word_1_116' title='bbox 762 1815 955 1921; x_wconf 89' lang='lat' dir='ltr'><strong>generali,</strong></span> <span class='ocrx_word' id='word_1_117' title='bbox 977 1814 1021 1894; x_wconf 88' lang='lat' dir='ltr'><strong>iit</strong></span> <span class='ocrx_word' id='word_1_118' title='bbox 1044 1813 1210 1894; x_wconf 84' lang='lat' dir='ltr'><strong>verbnm</strong></span> <span class='ocrx_word' id='word_1_119' title='bbox 1231 1844 1321 1895; x_wconf 90' lang='lat' dir='ltr'><strong>oum</strong></span> <span class='ocrx_word' id='word_1_120' title='bbox 1341 1815 1586 1896; x_wconf 90' lang='lat' dir='ltr'><strong>sanctissimo</strong></span> <span class='ocrx_word' id='word_1_121' title='bbox 1615 1814 1797 1912; x_wconf 89' lang='lat' dir='ltr'><strong>domino,</strong></span> <span class='ocrx_word' id='word_1_122' title='bbox 1819 1817 1933 1897; x_wconf 86' lang='lat' dir='ltr'><strong>auius</strong></span> 
     </span>
     <span class='ocr_line' id='line_1_13' title="bbox 128 1938 1933 2048; baseline 0.004 -34"><span class='ocrx_word' id='word_1_123' title='bbox 128 1973 150 2014; x_wconf 74' lang='lat' dir='ltr'><strong>a</strong></span> <span class='ocrx_word' id='word_1_124' title='bbox 170 1958 225 2022; x_wconf 88' lang='lat' dir='ltr'><strong>est</strong></span> <span class='ocrx_word' id='word_1_125' title='bbox 252 1938 492 2034; x_wconf 88' lang='lat' dir='ltr'><strong>deliberare,</strong></span> <span class='ocrx_word' id='word_1_126' title='bbox 518 1969 565 2020; x_wconf 89' lang='lat' dir='ltr'><strong>ac</strong></span> <span class='ocrx_word' id='word_1_127' title='bbox 592 1957 763 2021; x_wconf 85' lang='lat' dir='ltr'><strong>statuere</strong></span> <span class='ocrx_word' id='word_1_128' title='bbox 790 1938 982 2047; x_wconf 89' lang='lat' dir='ltr'><strong>quidnam</strong></span> <span class='ocrx_word' id='word_1_129' title='bbox 1005 1938 1208 2046; x_wconf 88' lang='lat' dir='ltr'><strong>agendum</strong></span> <span class='ocrx_word' id='word_1_130' title='bbox 1238 1942 1302 2019; x_wconf 86' lang='lat' dir='ltr'><strong>sit.</strong></span> <span class='ocrx_word' id='word_1_131' title='bbox 1329 1971 1348 2015; x_wconf 83' lang='lat' dir='ltr'><strong>n</strong></span> <span class='ocrx_word' id='word_1_132' title='bbox 1375 1940 1578 2020; x_wconf 83' lang='lat' dir='ltr'><strong>Hactenus</strong></span> <span class='ocrx_word' id='word_1_133' title='bbox 1605 1939 1655 2020; x_wconf 91' lang='lat' dir='ltr'><strong>de</strong></span> <span class='ocrx_word' id='word_1_134' title='bbox 1683 1940 1826 2048; x_wconf 90' lang='lat' dir='ltr'><strong>agendi</strong></span> <span class='ocrx_word' id='word_1_135' title='bbox 1854 1969 1933 2021; x_wconf 91' lang='lat' dir='ltr'><strong>me·</strong></span> 
     </span>
     <span class='ocr_line' id='line_1_14' title="bbox 130 2061 1932 2174; baseline 0.001 -30"><span class='ocrx_word' id='word_1_136' title='bbox 130 2064 269 2160; x_wconf 88' lang='lat' dir='ltr'><strong>thoda,</strong></span> <span class='ocrx_word' id='word_1_137' title='bbox 291 2064 424 2174; x_wconf 85' lang='lat' dir='ltr'><strong>deque</strong></span> <span class='ocrx_word' id='word_1_138' title='bbox 449 2064 575 2144; x_wconf 89' lang='lat' dir='ltr'><strong>forma</strong></span> <span class='ocrx_word' id='word_1_139' title='bbox 598 2064 949 2144; x_wconf 85' lang='lat' dir='ltr'><strong>consultationum.</strong></span> <span class='ocrx_word' id='word_1_140' title='bbox 977 2067 1210 2173; x_wconf 89' lang='lat' dir='ltr'><strong>Sequuntur</strong></span> <span class='ocrx_word' id='word_1_141' title='bbox 1228 2061 1374 2144; x_wconf 91' lang='lat' dir='ltr'><strong>deinde</strong></span> <span class='ocrx_word' id='word_1_142' title='bbox 1394 2087 1568 2144; x_wconf 89' lang='lat' dir='ltr'><strong>canones</strong></span> <span class='ocrx_word' id='word_1_143' title='bbox 1586 2065 1768 2172; x_wconf 91' lang='lat' dir='ltr'><strong>quinque</strong></span> <span class='ocrx_word' id='word_1_144' title='bbox 1786 2063 1932 2148; x_wconf 88' lang='lat' dir='ltr'><strong>ibidem</strong></span> 
     </span>
     <span class='ocr_line' id='line_1_15' title="bbox 124 2185 1934 2298; baseline 0.001 -28"><span class='ocrx_word' id='word_1_145' title='bbox 124 2191 262 2270; x_wconf 84' lang='lat' dir='ltr'><strong>sanciti</strong></span> <span class='ocrx_word' id='word_1_146' title='bbox 292 2189 621 2297; x_wconf 84' lang='lat' dir='ltr'><strong>insequentibus</strong></span> <span class='ocrx_word' id='word_1_147' title='bbox 648 2185 833 2268; x_wconf 87' lang='lat' dir='ltr'><strong>nimirum</strong></span> <span class='ocrx_word' id='word_1_148' title='bbox 854 2187 1261 2294; x_wconf 78' lang='lat' dir='ltr'><strong>congregationibus,</strong></span> <span class='ocrx_word' id='word_1_149' title='bbox 1290 2213 1367 2297; x_wconf 88' lang='lat' dir='ltr'><strong>pro</strong></span> <span class='ocrx_word' id='word_1_150' title='bbox 1399 2187 1639 2268; x_wconf 74' lang='lat' dir='ltr'><strong>huiusmodi</strong></span> <span class='ocrx_word' id='word_1_151' title='bbox 1669 2192 1934 2298; x_wconf 83' lang='lat' dir='ltr'><strong>recognitione</strong></span> 
     </span>
     <span class='ocr_line' id='line_1_16' title="bbox 124 2311 1933 2422; baseline 0.001 -28"><span class='ocrx_word' id='word_1_152' title='bbox 124 2314 390 2422; x_wconf 79' lang='lat' dir='ltr'><strong>praestando,</strong></span> <span class='ocrx_word' id='word_1_153' title='bbox 416 2330 461 2393; x_wconf 91' lang='lat' dir='ltr'><strong>ut</strong></span> <span class='ocrx_word' id='word_1_154' title='bbox 487 2311 625 2394; x_wconf 87' lang='lat' dir='ltr'><strong>iisdem</strong></span> <span class='ocrx_word' id='word_1_155' title='bbox 653 2313 694 2394; x_wconf 89' lang='lat' dir='ltr'><strong>in</strong></span> <span class='ocrx_word' id='word_1_156' title='bbox 722 2313 949 2420; x_wconf 83' lang='lat' dir='ltr'><strong>fragmentis</strong></span> <span class='ocrx_word' id='word_1_157' title='bbox 977 2313 1234 2420; x_wconf 80' lang='lat' dir='ltr'><strong>exprimitur3</strong></span> <span class='ocrx_word' id='word_1_158' title='bbox 1260 2342 1436 2421; x_wconf 89' lang='lat' dir='ltr'><strong>quorum</strong></span> <span class='ocrx_word' id='word_1_159' title='bbox 1462 2341 1660 2394; x_wconf 88' lang='lat' dir='ltr'><strong>canonum</strong></span> <span class='ocrx_word' id='word_1_160' title='bbox 1685 2315 1847 2422; x_wconf 91' lang='lat' dir='ltr'><strong>quidem</strong></span> <span class='ocrx_word' id='word_1_161' title='bbox 1872 2345 1933 2396; x_wconf 93' lang='lat' dir='ltr'><strong>so·</strong></span> 
     </span>
     <span class='ocr_line' id='line_1_17' title="bbox 129 2437 1934 2546; baseline 0.004 -32"><span class='ocrx_word' id='word_1_162' title='bbox 129 2438 187 2518; x_wconf 93' lang='lat' dir='ltr'><strong>lus</strong></span> <span class='ocrx_word' id='word_1_163' title='bbox 214 2455 439 2545; x_wconf 87' lang='lat' dir='ltr'><strong>postremus</strong></span> <span class='ocrx_word' id='word_1_164' title='bbox 466 2466 488 2518; x_wconf 91' lang='lat' dir='ltr'><strong>e</strong></span> <span class='ocrx_word' id='word_1_165' title='bbox 514 2439 768 2545; x_wconf 86' lang='lat' dir='ltr'><strong>generalibus</strong></span> <span class='ocrx_word' id='word_1_166' title='bbox 795 2438 955 2518; x_wconf 87' lang='lat' dir='ltr'><strong>criticae</strong></span> <span class='ocrx_word' id='word_1_167' title='bbox 983 2438 1128 2544; x_wconf 87' lang='lat' dir='ltr'><strong>regulis</strong></span> <span class='ocrx_word' id='word_1_168' title='bbox 1158 2437 1347 2546; x_wconf 89' lang='lat' dir='ltr'><strong>profluit;</strong></span> <span class='ocrx_word' id='word_1_169' title='bbox 1377 2438 1583 2546; x_wconf 84' lang='lat' dir='ltr'><strong>prioribus</strong></span> <span class='ocrx_word' id='word_1_170' title='bbox 1609 2457 1786 2546; x_wconf 89' lang='lat' dir='ltr'><strong>quatuor</strong></span> <span class='ocrx_word' id='word_1_171' title='bbox 1813 2467 1934 2522; x_wconf 91' lang='lat' dir='ltr'><strong>unam</strong></span> 
     </span>
     <span class='ocr_line' id='line_1_18' title="bbox 130 2561 1934 2672; baseline 0.004 -32"><span class='ocrx_word' id='word_1_172' title='bbox 130 2561 309 2644; x_wconf 81' lang='lat' dir='ltr'><strong>sixtinam</strong></span> <span class='ocrx_word' id='word_1_173' title='bbox 336 2561 551 2644; x_wconf 89' lang='lat' dir='ltr'><strong>editionem</strong></span> <span class='ocrx_word' id='word_1_174' title='bbox 574 2563 876 2670; x_wconf 89' lang='lat' dir='ltr'><strong>attingentibus.</strong></span> <span class='ocrx_word' id='word_1_175' title='bbox 903 2563 1019 2644; x_wconf 87' lang='lat' dir='ltr'><strong>Prior</strong></span> <span class='ocrx_word' id='word_1_176' title='bbox 1042 2564 1179 2670; x_wconf 86' lang='lat' dir='ltr'><strong>itaque</strong></span> <span class='ocrx_word' id='word_1_177' title='bbox 1202 2593 1331 2644; x_wconf 88' lang='lat' dir='ltr'><strong>canon</strong></span> <span class='ocrx_word' id='word_1_178' title='bbox 1355 2565 1567 2672; x_wconf 84' lang='lat' dir='ltr'><strong>praecipit:</strong></span> <span class='ocrx_word' id='word_1_179' title='bbox 1596 2583 1639 2644; x_wconf 85' lang='lat' dir='ltr'><strong>at</strong></span> <span class='ocrx_word' id='word_1_180' title='bbox 1660 2566 1803 2646; x_wconf 87' lang='lat' dir='ltr'><strong>ablata</strong></span> <span class='ocrx_word' id='word_1_181' title='bbox 1823 2569 1934 2648; x_wconf 79' lang='lat' dir='ltr'><strong>resti·</strong></span> 
     </span>
     <span class='ocr_line' id='line_1_19' title="bbox 128 2687 1926 2788; baseline 0.004 -25"><span class='ocrx_word' id='word_1_182' title='bbox 128 2703 310 2768; x_wconf 83' lang='lat' dir='ltr'><strong>tuantur.</strong></span> <span class='ocrx_word' id='word_1_183' title='bbox 338 2687 470 2786; x_wconf 79' lang='lat' dir='ltr'><strong>Alier3</strong></span> <span class='ocrx_word' id='word_1_184' title='bbox 500 2704 546 2768; x_wconf 86' lang='lat' dir='ltr'><strong>ut</strong></span> <span class='ocrx_word' id='word_1_185' title='bbox 572 2687 732 2768; x_wconf 83' lang='lat' dir='ltr'><strong>adiecta</strong></span> <span class='ocrx_word' id='word_1_186' title='bbox 759 2703 1046 2768; x_wconf 82' lang='lat' dir='ltr'><strong>removeantur.</strong></span> <span class='ocrx_word' id='word_1_187' title='bbox 1074 2687 1256 2786; x_wconf 89' lang='lat' dir='ltr'><strong>Tertius;</strong></span> <span class='ocrx_word' id='word_1_188' title='bbox 1284 2704 1330 2768; x_wconf 88' lang='lat' dir='ltr'><strong>ut</strong></span> <span class='ocrx_word' id='word_1_189' title='bbox 1357 2689 1580 2768; x_wconf 87' lang='lat' dir='ltr'><strong>immutata</strong></span> <span class='ocrx_word' id='word_1_190' title='bbox 1605 2691 1926 2788; x_wconf 53' lang='lat' dir='ltr'><strong>causidicorum</strong></span> 
     </span>
     <span class='ocr_line' id='line_1_20' title="bbox 129 2805 1929 2922; baseline 0.004 -33"><span class='ocrx_word' id='word_1_191' title='bbox 129 2812 184 2892; x_wconf 89' lang='lat' dir='ltr'><strong>vel</strong></span> <span class='ocrx_word' id='word_1_192' title='bbox 201 2813 468 2920; x_wconf 83' lang='lat' dir='ltr'><strong>corrigantur.</strong></span> <span class='ocrx_word' id='word_1_193' title='bbox 490 2813 689 2914; x_wconf 88' lang='lat' dir='ltr'><strong>Quartus;</strong></span> <span class='ocrx_word' id='word_1_194' title='bbox 713 2830 758 2892; x_wconf 88' lang='lat' dir='ltr'><strong>nt</strong></span> <span class='ocrx_word' id='word_1_195' title='bbox 769 2814 1060 2920; x_wconf 66' lang='lat' dir='ltr'><strong>[annotationes</strong></span> <span class='ocrx_word' id='word_1_196' title='bbox 1070 2812 1395 2921; x_wconf 77' lang='lat' dir='ltr'><strong>perpendantur.</strong></span> <span class='ocrx_word' id='word_1_197' title='bbox 1417 2814 1593 2912; x_wconf 85' lang='lat' dir='ltr'><strong>Quintus</strong></span> <span class='ocrx_word' id='word_1_198' title='bbox 1612 2805 1666 2892; x_wconf 85' lang='lat' dir='ltr'><strong>ita</strong></span> <span class='ocrx_word' id='word_1_199' title='bbox 1685 2817 1929 2922; x_wconf 89' lang='lat' dir='ltr'><strong>concipitur:</strong></span> 
     </span>
    </p>
   </div>
   <div class='ocr_carea' id='block_1_3' title="bbox 125 3060 996 3224">
    <p class='ocr_par' dir='ltr' id='par_1_3' title="bbox 125 3060 996 3224">
     <span class='ocr_line' id='line_1_21' title="bbox 128 3060 996 3136; baseline 0.002 -18"><span class='ocrx_word' id='word_1_200' title='bbox 128 3060 188 3129; x_wconf 86' lang='lat' dir='ltr'><strong>erit,</strong></span> <span class='ocrx_word' id='word_1_201' title='bbox 204 3062 272 3136; x_wconf 84' lang='lat' dir='ltr'><strong>quia</strong></span> <span class='ocrx_word' id='word_1_202' title='bbox 287 3063 319 3120; x_wconf 92' lang='lat' dir='ltr'><strong>in</strong></span> <span class='ocrx_word' id='word_1_203' title='bbox 332 3061 455 3136; x_wconf 76' lang='lat' dir='ltr'><strong>singulis</strong></span> <span class='ocrx_word' id='word_1_204' title='bbox 470 3060 528 3120; x_wconf 82' lang='lat' dir='ltr'><strong>isra</strong></span> <span class='ocrx_word' id='word_1_205' title='bbox 546 3060 751 3120; x_wconf 79' lang='lat' dir='ltr'><strong>mutationibus</strong></span> <span class='ocrx_word' id='word_1_206' title='bbox 769 3061 844 3120; x_wconf 88' lang='lat' dir='ltr'><strong>inter</strong></span> <span class='ocrx_word' id='word_1_207' title='bbox 860 3076 913 3120; x_wconf 88' lang='lat' dir='ltr'><strong>nos</strong></span> <span class='ocrx_word' id='word_1_208' title='bbox 929 3077 996 3120; x_wconf 83' lang='lat' dir='ltr'><strong>eon·</strong></span> 
     </span>
     <span class='ocr_line' id='line_1_22' title="bbox 125 3147 990 3224; baseline 0.007 -22"><span class='ocrx_word' id='word_1_209' title='bbox 125 3147 279 3220; x_wconf 83' lang='lat' dir='ltr'><strong>tendimus,</strong></span> <span class='ocrx_word' id='word_1_210' title='bbox 292 3165 357 3208; x_wconf 87' lang='lat' dir='ltr'><strong>cnm</strong></span> <span class='ocrx_word' id='word_1_211' title='bbox 373 3152 567 3224; x_wconf 86' lang='lat' dir='ltr'><strong>unnsquisque</strong></span> <span class='ocrx_word' id='word_1_212' title='bbox 578 3165 664 3208; x_wconf 90' lang='lat' dir='ltr'><strong>sunm</strong></span> <span class='ocrx_word' id='word_1_213' title='bbox 677 3149 814 3208; x_wconf 87' lang='lat' dir='ltr'><strong>iudicium</strong></span> <span class='ocrx_word' id='word_1_214' title='bbox 829 3151 901 3208; x_wconf 90' lang='lat' dir='ltr'><strong>tueri</strong></span> <span class='ocrx_word' id='word_1_215' title='bbox 915 3151 990 3209; x_wconf 78' lang='lat' dir='ltr'><strong>velit.</strong></span> 
     </span>
    </p>
   </div>
   <div class='ocr_carea' id='block_1_4' title="bbox 1062 3059 1934 3223">
    <p class='ocr_par' dir='ltr' id='par_1_4' title="bbox 1062 3059 1934 3223">
     <span class='ocr_line' id='line_1_23' title="bbox 1062 3059 1934 3136; baseline 0.007 -16"><span class='ocrx_word' id='word_1_216' title='bbox 1062 3060 1178 3120; x_wconf 63' lang='lat' dir='ltr'><strong>‘uuam</strong></span> <span class='ocrx_word' id='word_1_217' title='bbox 1190 3062 1260 3132; x_wconf 88' lang='lat' dir='ltr'><strong>erit,</strong></span> <span class='ocrx_word' id='word_1_218' title='bbox 1273 3060 1350 3136; x_wconf 82' lang='lat' dir='ltr'><strong>quod</strong></span> <span class='ocrx_word' id='word_1_219' title='bbox 1362 3061 1492 3120; x_wconf 78' lang='lat' dir='ltr'><strong>nonnulli</strong></span> <span class='ocrx_word' id='word_1_220' title='bbox 1505 3059 1666 3120; x_wconf 85' lang='lat' dir='ltr'><strong>iaciendum</strong></span> <span class='ocrx_word' id='word_1_221' title='bbox 1677 3078 1737 3122; x_wconf 84' lang='lat' dir='ltr'><strong>essa</strong></span> <span class='ocrx_word' id='word_1_222' title='bbox 1747 3073 1878 3134; x_wconf 75' lang='lat' dir='ltr'><strong>nouat,</strong></span> <span class='ocrx_word' id='word_1_223' title='bbox 1891 3082 1934 3126; x_wconf 83' lang='lat' dir='ltr'><strong>res</strong></span> 
     </span>
     <span class='ocr_line' id='line_1_24' title="bbox 1063 3149 1933 3223; baseline 0.006 -16"><span class='ocrx_word' id='word_1_224' title='bbox 1063 3149 1117 3207; x_wconf 88' lang='lat' dir='ltr'><strong>erit</strong></span> <span class='ocrx_word' id='word_1_225' title='bbox 1131 3151 1253 3208; x_wconf 85' lang='lat' dir='ltr'><strong>infinita.</strong></span> <span class='ocrx_word' id='word_1_226' title='bbox 1274 3149 1421 3223; x_wconf 87' lang='lat' dir='ltr'><strong>Oportebit</strong></span> <span class='ocrx_word' id='word_1_227' title='bbox 1436 3151 1512 3206; x_wconf 92' lang='lat' dir='ltr'><strong>enirn</strong></span> <span class='ocrx_word' id='word_1_228' title='bbox 1531 3149 1566 3206; x_wconf 93' lang='lat' dir='ltr'><strong>ab</strong></span> <span class='ocrx_word' id='word_1_229' title='bbox 1583 3151 1817 3210; x_wconf 88' lang='lat' dir='ltr'><strong>Universitatibus</strong></span> <span class='ocrx_word' id='word_1_230' title='bbox 1835 3151 1871 3212; x_wconf 89' lang='lat' dir='ltr'><strong>da</strong></span> <span class='ocrx_word' id='word_1_231' title='bbox 1889 3155 1933 3212; x_wconf 89' lang='lat' dir='ltr'><strong>in·</strong></span> 
     </span>
    </p>
   </div>
   <div class='ocr_carea' id='block_1_5' title="bbox 122 3235 992 5897">
    <p class='ocr_par' dir='ltr' id='par_1_5' title="bbox 122 3235 992 5897">
     <span class='ocr_line' id='line_1_25' title="bbox 122 3235 990 3312; baseline 0.005 -21"><span class='ocrx_word' id='word_1_232' title='bbox 122 3235 194 3294; x_wconf 77' lang='lat' dir='ltr'><strong>sunt</strong></span> <span class='ocrx_word' id='word_1_233' title='bbox 211 3239 286 3295; x_wconf 88' lang='lat' dir='ltr'><strong>enirn</strong></span> <span class='ocrx_word' id='word_1_234' title='bbox 308 3239 357 3312; x_wconf 82' lang='lat' dir='ltr'><strong>qui</strong></span> <span class='ocrx_word' id='word_1_235' title='bbox 374 3237 446 3295; x_wconf 93' lang='lat' dir='ltr'><strong>nibil</strong></span> <span class='ocrx_word' id='word_1_236' title='bbox 465 3236 523 3297; x_wconf 89' lang='lat' dir='ltr'><strong>iere</strong></span> <span class='ocrx_word' id='word_1_237' title='bbox 541 3239 645 3295; x_wconf 88' lang='lat' dir='ltr'><strong>mutari</strong></span> <span class='ocrx_word' id='word_1_238' title='bbox 664 3237 768 3296; x_wconf 82' lang='lat' dir='ltr'><strong>vellent</strong></span> <span class='ocrx_word' id='word_1_239' title='bbox 787 3253 819 3295; x_wconf 84' lang='lat' dir='ltr'><strong>er</strong></span> <span class='ocrx_word' id='word_1_240' title='bbox 836 3235 990 3295; x_wconf 85' lang='lat' dir='ltr'><strong>-Bibliisla-</strong></span> 
     </span>
     <span class='ocr_line' id='line_1_26' title="bbox 129 3324 992 3402; baseline 0.003 -18"><span class='ocrx_word' id='word_1_241' title='bbox 129 3324 190 3384; x_wconf 87' lang='lat' dir='ltr'><strong>tiois</strong></span> <span class='ocrx_word' id='word_1_242' title='bbox 199 3327 359 3400; x_wconf 70' lang='lat' dir='ltr'><strong>impressisr</strong></span> <span class='ocrx_word' id='word_1_243' title='bbox 367 3334 436 3386; x_wconf 87' lang='lat' dir='ltr'><strong>sunt</strong></span> <span class='ocrx_word' id='word_1_244' title='bbox 445 3327 495 3386; x_wconf 86' lang='lat' dir='ltr'><strong>aiii</strong></span> <span class='ocrx_word' id='word_1_245' title='bbox 505 3329 555 3402; x_wconf 85' lang='lat' dir='ltr'><strong>qai</strong></span> <span class='ocrx_word' id='word_1_246' title='bbox 568 3328 671 3386; x_wconf 84' lang='lat' dir='ltr'><strong>mutari</strong></span> <span class='ocrx_word' id='word_1_247' title='bbox 683 3326 787 3388; x_wconf 86' lang='lat' dir='ltr'><strong>vellent</strong></span> <span class='ocrx_word' id='word_1_248' title='bbox 797 3329 909 3394; x_wconf 88' lang='lat' dir='ltr'><strong>omnia,</strong></span> <span class='ocrx_word' id='word_1_249' title='bbox 919 3341 992 3402; x_wconf 86' lang='lat' dir='ltr'><strong>quse</strong></span> 
     </span>
     <span class='ocr_line' id='line_1_27' title="bbox 128 3415 990 3492; baseline 0.005 -22"><span class='ocrx_word' id='word_1_250' title='bbox 128 3429 180 3472; x_wconf 91' lang='lat' dir='ltr'><strong>non</strong></span> <span class='ocrx_word' id='word_1_251' title='bbox 198 3417 381 3476; x_wconf 86' lang='lat' dir='ltr'><strong>consentiunt</strong></span> <span class='ocrx_word' id='word_1_252' title='bbox 401 3433 465 3476; x_wconf 90' lang='lat' dir='ltr'><strong>cum</strong></span> <span class='ocrx_word' id='word_1_253' title='bbox 489 3417 613 3492; x_wconf 84' lang='lat' dir='ltr'><strong>antiquis</strong></span> <span class='ocrx_word' id='word_1_254' title='bbox 635 3418 849 3491; x_wconf 81' lang='lat' dir='ltr'><strong>manuscriptis3</strong></span> <span class='ocrx_word' id='word_1_255' title='bbox 869 3433 920 3476; x_wconf 89' lang='lat' dir='ltr'><strong>nec</strong></span> <span class='ocrx_word' id='word_1_256' title='bbox 940 3415 990 3475; x_wconf 88' lang='lat' dir='ltr'><strong>de·</strong></span> 
     </span>
     <span class='ocr_line' id='line_1_28' title="bbox 127 3501 992 3579; baseline 0.007 -21"><span class='ocrx_word' id='word_1_257' title='bbox 127 3507 187 3560; x_wconf 88' lang='lat' dir='ltr'><strong>sunt</strong></span> <span class='ocrx_word' id='word_1_258' title='bbox 200 3503 247 3577; x_wconf 85' lang='lat' dir='ltr'><strong>qui</strong></span> <span class='ocrx_word' id='word_1_259' title='bbox 265 3501 358 3562; x_wconf 91' lang='lat' dir='ltr'><strong>media</strong></span> <span class='ocrx_word' id='word_1_260' title='bbox 372 3505 414 3562; x_wconf 87' lang='lat' dir='ltr'><strong>ria</strong></span> <span class='ocrx_word' id='word_1_261' title='bbox 429 3504 571 3562; x_wconf 85' lang='lat' dir='ltr'><strong>incedant.</strong></span> <span class='ocrx_word' id='word_1_262' title='bbox 587 3509 682 3562; x_wconf 65' lang='lat' dir='ltr'><strong>tiam</strong></span> <span class='ocrx_word' id='word_1_263' title='bbox 698 3521 774 3562; x_wconf 87' lang='lat' dir='ltr'><strong>nuno</strong></span> <span class='ocrx_word' id='word_1_264' title='bbox 787 3503 912 3564; x_wconf 86' lang='lat' dir='ltr'><strong>divinare</strong></span> <span class='ocrx_word' id='word_1_265' title='bbox 929 3521 992 3579; x_wconf 88' lang='lat' dir='ltr'><strong>pos-</strong></span> 
     </span>
     <span class='ocr_line' id='line_1_29' title="bbox 127 3592 991 3670; baseline 0.007 -22"><span class='ocrx_word' id='word_1_266' title='bbox 127 3605 234 3662; x_wconf 87' lang='lat' dir='ltr'><strong>sumus,</strong></span> <span class='ocrx_word' id='word_1_267' title='bbox 251 3592 312 3652; x_wconf 84' lang='lat' dir='ltr'><strong>iore</strong></span> <span class='ocrx_word' id='word_1_268' title='bbox 332 3601 365 3652; x_wconf 88' lang='lat' dir='ltr'><strong>nt</strong></span> <span class='ocrx_word' id='word_1_269' title='bbox 382 3594 429 3652; x_wconf 88' lang='lat' dir='ltr'><strong>bie</strong></span> <span class='ocrx_word' id='word_1_270' title='bbox 450 3599 545 3652; x_wconf 83' lang='lat' dir='ltr'><strong>nostm</strong></span> <span class='ocrx_word' id='word_1_271' title='bbox 561 3593 673 3654; x_wconf 86' lang='lat' dir='ltr'><strong>labora</strong></span> <span class='ocrx_word' id='word_1_272' title='bbox 695 3594 825 3668; x_wconf 88' lang='lat' dir='ltr'><strong>piurimis</strong></span> <span class='ocrx_word' id='word_1_273' title='bbox 848 3594 991 3670; x_wconf 88' lang='lat' dir='ltr'><strong>improbe·</strong></span> 
     </span>
     <span class='ocr_line' id='line_1_30' title="bbox 128 3681 992 3758; baseline 0.003 -18"><span class='ocrx_word' id='word_1_274' title='bbox 128 3689 182 3750; x_wconf 84' lang='lat' dir='ltr'><strong>iur,</strong></span> <span class='ocrx_word' id='word_1_275' title='bbox 199 3697 262 3741; x_wconf 87' lang='lat' dir='ltr'><strong>enm</strong></span> <span class='ocrx_word' id='word_1_276' title='bbox 282 3682 373 3742; x_wconf 88' lang='lat' dir='ltr'><strong>multa</strong></span> <span class='ocrx_word' id='word_1_277' title='bbox 392 3682 588 3758; x_wconf 85' lang='lat' dir='ltr'><strong>relinquantur</strong></span> <span class='ocrx_word' id='word_1_278' title='bbox 604 3698 621 3740; x_wconf 92' lang='lat' dir='ltr'><strong>a</strong></span> <span class='ocrx_word' id='word_1_279' title='bbox 639 3681 721 3740; x_wconf 89' lang='lat' dir='ltr'><strong>nobis</strong></span> <span class='ocrx_word' id='word_1_280' title='bbox 739 3683 770 3741; x_wconf 88' lang='lat' dir='ltr'><strong>ia</strong></span> <span class='ocrx_word' id='word_1_281' title='bbox 790 3683 905 3754; x_wconf 79' lang='lat' dir='ltr'><strong>stultis,</strong></span> <span class='ocrx_word' id='word_1_282' title='bbox 919 3695 992 3758; x_wconf 70' lang='lat' dir='ltr'><strong>quae</strong></span> 
     </span>
     <span class='ocr_line' id='line_1_31' title="bbox 129 3769 989 3847; baseline 0.005 -22"><span class='ocrx_word' id='word_1_283' title='bbox 129 3769 234 3840; x_wconf 90' lang='lat' dir='ltr'><strong>plurimi</strong></span> <span class='ocrx_word' id='word_1_284' title='bbox 250 3772 302 3829; x_wconf 90' lang='lat' dir='ltr'><strong>riri</strong></span> <span class='ocrx_word' id='word_1_285' title='bbox 322 3771 397 3829; x_wconf 90' lang='lat' dir='ltr'><strong>docti</strong></span> <span class='ocrx_word' id='word_1_286' title='bbox 412 3771 522 3830; x_wconf 85' lang='lat' dir='ltr'><strong>sublata</strong></span> <span class='ocrx_word' id='word_1_287' title='bbox 539 3785 599 3830; x_wconf 77' lang='lat' dir='ltr'><strong>asse</strong></span> <span class='ocrx_word' id='word_1_288' title='bbox 616 3769 887 3847; x_wconf 74' lang='lat' dir='ltr'><strong>vellen13quaedant</strong></span> <span class='ocrx_word' id='word_1_289' title='bbox 905 3773 989 3831; x_wconf 90' lang='lat' dir='ltr'><strong>etiam</strong></span> 
     </span>
     <span class='ocr_line' id='line_1_32' title="bbox 128 3857 989 3936; baseline 0.003 -20"><span class='ocrx_word' id='word_1_290' title='bbox 128 3858 269 3932; x_wconf 84' lang='lat' dir='ltr'><strong>tollantur,</strong></span> <span class='ocrx_word' id='word_1_291' title='bbox 287 3876 361 3936; x_wconf 89' lang='lat' dir='ltr'><strong>quaa</strong></span> <span class='ocrx_word' id='word_1_292' title='bbox 377 3861 524 3920; x_wconf 89' lang='lat' dir='ltr'><strong>nonnullis</strong></span> <span class='ocrx_word' id='word_1_293' title='bbox 540 3857 725 3936; x_wconf 88' lang='lat' dir='ltr'><strong>relinquenda</strong></span> <span class='ocrx_word' id='word_1_294' title='bbox 741 3860 919 3932; x_wconf 80' lang='lat' dir='ltr'><strong>riderentur3</strong></span> <span class='ocrx_word' id='word_1_295' title='bbox 937 3875 989 3919; x_wconf 87' lang='lat' dir='ltr'><strong>nee</strong></span> 
     </span>
     <span class='ocr_line' id='line_1_33' title="bbox 127 3949 989 4012; baseline 0.006 -7"><span class='ocrx_word' id='word_1_296' title='bbox 127 3949 207 4008; x_wconf 84' lang='lat' dir='ltr'><strong>alian</strong></span> <span class='ocrx_word' id='word_1_297' title='bbox 229 3961 335 4012; x_wconf 72' lang='lat' dir='ltr'><strong>ceram</strong></span> <span class='ocrx_word' id='word_1_298' title='bbox 356 3953 494 4012; x_wconf 84' lang='lat' dir='ltr'><strong>rationem</strong></span> <span class='ocrx_word' id='word_1_299' title='bbox 514 3952 605 4011; x_wconf 85' lang='lat' dir='ltr'><strong>nostri</strong></span> <span class='ocrx_word' id='word_1_300' title='bbox 625 3949 740 4010; x_wconf 81' lang='lat' dir='ltr'><strong>consilli</strong></span> <span class='ocrx_word' id='word_1_301' title='bbox 759 3949 876 4010; x_wconf 84' lang='lat' dir='ltr'><strong>reddere</strong></span> <span class='ocrx_word' id='word_1_302' title='bbox 897 3951 989 4010; x_wconf 85' lang='lat' dir='ltr'><strong>raiss-</strong></span> 
     </span>
     <span class='ocr_line' id='line_1_34' title="bbox 128 4040 987 4116; baseline 0.007 -22"><span class='ocrx_word' id='word_1_303' title='bbox 128 4055 192 4100; x_wconf 87' lang='lat' dir='ltr'><strong>mus.</strong></span> <span class='ocrx_word' id='word_1_304' title='bbox 210 4043 307 4116; x_wconf 82' lang='lat' dir='ltr'><strong>Neque</strong></span> <span class='ocrx_word' id='word_1_305' title='bbox 329 4042 448 4102; x_wconf 81' lang='lat' dir='ltr'><strong>satisfiet</strong></span> <span class='ocrx_word' id='word_1_306' title='bbox 466 4043 533 4100; x_wconf 80' lang='lat' dir='ltr'><strong>siris</strong></span> <span class='ocrx_word' id='word_1_307' title='bbox 552 4040 661 4110; x_wconf 77' lang='lat' dir='ltr'><strong>doctu,</strong></span> <span class='ocrx_word' id='word_1_308' title='bbox 680 4042 845 4116; x_wconf 83' lang='lat' dir='ltr'><strong>praesertim</strong></span> <span class='ocrx_word' id='word_1_309' title='bbox 865 4041 919 4112; x_wconf 88' lang='lat' dir='ltr'><strong>iis,</strong></span> <span class='ocrx_word' id='word_1_310' title='bbox 939 4041 987 4115; x_wconf 86' lang='lat' dir='ltr'><strong>qui</strong></span> 
     </span>
     <span class='ocr_line' id='line_1_35' title="bbox 128 4128 989 4203; baseline 0.009 -20"><span class='ocrx_word' id='word_1_311' title='bbox 128 4128 202 4203; x_wconf 81' lang='lat' dir='ltr'><strong>longe</strong></span> <span class='ocrx_word' id='word_1_312' title='bbox 220 4129 324 4190; x_wconf 76' lang='lat' dir='ltr'><strong>absim</strong></span> <span class='ocrx_word' id='word_1_313' title='bbox 344 4131 380 4189; x_wconf 91' lang='lat' dir='ltr'><strong>ab</strong></span> <span class='ocrx_word' id='word_1_314' title='bbox 399 4133 492 4203; x_wconf 91' lang='lat' dir='ltr'><strong>Urbe,</strong></span> <span class='ocrx_word' id='word_1_315' title='bbox 511 4131 537 4192; x_wconf 89' lang='lat' dir='ltr'><strong>si</strong></span> <span class='ocrx_word' id='word_1_316' title='bbox 558 4130 702 4202; x_wconf 79' lang='lat' dir='ltr'><strong>dimotus,</strong></span> <span class='ocrx_word' id='word_1_317' title='bbox 722 4131 796 4192; x_wconf 89' lang='lat' dir='ltr'><strong>banc</strong></span> <span class='ocrx_word' id='word_1_318' title='bbox 815 4131 989 4192; x_wconf 86' lang='lat' dir='ltr'><strong>emendatio·</strong></span> 
     </span>
     <span class='ocr_line' id='line_1_36' title="bbox 128 4215 990 4295; baseline 0.006 -21"><span class='ocrx_word' id='word_1_319' title='bbox 128 4231 185 4275; x_wconf 85' lang='lat' dir='ltr'><strong>nem</strong></span> <span class='ocrx_word' id='word_1_320' title='bbox 206 4217 317 4292; x_wconf 88' lang='lat' dir='ltr'><strong>prodire</strong></span> <span class='ocrx_word' id='word_1_321' title='bbox 337 4219 374 4278; x_wconf 87' lang='lat' dir='ltr'><strong>ab</strong></span> <span class='ocrx_word' id='word_1_322' title='bbox 394 4219 546 4295; x_wconf 85' lang='lat' dir='ltr'><strong>apostoliea</strong></span> <span class='ocrx_word' id='word_1_323' title='bbox 567 4220 655 4291; x_wconf 86' lang='lat' dir='ltr'><strong>Sede,</strong></span> <span class='ocrx_word' id='word_1_324' title='bbox 674 4221 757 4281; x_wconf 88' lang='lat' dir='ltr'><strong>cuius</strong></span> <span class='ocrx_word' id='word_1_325' title='bbox 777 4215 821 4279; x_wconf 76' lang='lat' dir='ltr'><strong>cst</strong></span> <span class='ocrx_word' id='word_1_326' title='bbox 839 4217 990 4280; x_wconf 84' lang='lat' dir='ltr'><strong>inbllibile</strong></span> 
     </span>
     <span class='ocr_line' id='line_1_37' title="bbox 127 4305 989 4386; baseline 0.008 -25"><span class='ocrx_word' id='word_1_327' title='bbox 127 4305 264 4368; x_wconf 83' lang='lat' dir='ltr'><strong>inditium.</strong></span> <span class='ocrx_word' id='word_1_328' title='bbox 284 4309 356 4376; x_wconf 80' lang='lat' dir='ltr'><strong>Nam</strong></span> <span class='ocrx_word' id='word_1_329' title='bbox 378 4325 436 4368; x_wconf 90' lang='lat' dir='ltr'><strong>uon</strong></span> <span class='ocrx_word' id='word_1_330' title='bbox 456 4309 640 4386; x_wconf 79' lang='lat' dir='ltr'><strong>ignorabunt,</strong></span> <span class='ocrx_word' id='word_1_331' title='bbox 659 4327 804 4370; x_wconf 89' lang='lat' dir='ltr'><strong>summum</strong></span> <span class='ocrx_word' id='word_1_332' title='bbox 824 4311 989 4370; x_wconf 79' lang='lat' dir='ltr'><strong>Pontificem</strong></span> 
     </span>
     <span class='ocr_line' id='line_1_38' title="bbox 127 4398 989 4475; baseline 0.007 -24"><span class='ocrx_word' id='word_1_333' title='bbox 127 4410 178 4453; x_wconf 89' lang='lat' dir='ltr'><strong>non</strong></span> <span class='ocrx_word' id='word_1_334' title='bbox 196 4398 347 4472; x_wconf 84' lang='lat' dir='ltr'><strong>praefuisse</strong></span> <span class='ocrx_word' id='word_1_335' title='bbox 365 4400 580 4474; x_wconf 82' lang='lat' dir='ltr'><strong>Cougregationi</strong></span> <span class='ocrx_word' id='word_1_336' title='bbox 600 4416 696 4458; x_wconf 90' lang='lat' dir='ltr'><strong>eorum</strong></span> <span class='ocrx_word' id='word_1_337' title='bbox 717 4401 765 4475; x_wconf 88' lang='lat' dir='ltr'><strong>qui</strong></span> <span class='ocrx_word' id='word_1_338' title='bbox 786 4399 877 4457; x_wconf 90' lang='lat' dir='ltr'><strong>Biblia</strong></span> <span class='ocrx_word' id='word_1_339' title='bbox 897 4416 989 4457; x_wconf 87' lang='lat' dir='ltr'><strong>corre·</strong></span> 
     </span>
     <span class='ocr_line' id='line_1_39' title="bbox 127 4487 988 4565; baseline 0.009 -25"><span class='ocrx_word' id='word_1_340' title='bbox 127 4496 232 4558; x_wconf 82' lang='lat' dir='ltr'><strong>semnt,</strong></span> <span class='ocrx_word' id='word_1_341' title='bbox 252 4504 344 4564; x_wconf 86' lang='lat' dir='ltr'><strong>neque</strong></span> <span class='ocrx_word' id='word_1_342' title='bbox 363 4505 461 4548; x_wconf 90' lang='lat' dir='ltr'><strong>eorum</strong></span> <span class='ocrx_word' id='word_1_343' title='bbox 481 4487 635 4549; x_wconf 85' lang='lat' dir='ltr'><strong>sententias</strong></span> <span class='ocrx_word' id='word_1_344' title='bbox 655 4490 809 4559; x_wconf 77' lang='lat' dir='ltr'><strong>audivisse,</strong></span> <span class='ocrx_word' id='word_1_345' title='bbox 831 4490 880 4550; x_wconf 85' lang='lat' dir='ltr'><strong>sed</strong></span> <span class='ocrx_word' id='word_1_346' title='bbox 900 4505 988 4565; x_wconf 84' lang='lat' dir='ltr'><strong>nego·</strong></span> 
     </span>
     <span class='ocr_line' id='line_1_40' title="bbox 127 4573 991 4654; baseline 0.01 -25"><span class='ocrx_word' id='word_1_347' title='bbox 127 4573 195 4632; x_wconf 80' lang='lat' dir='ltr'><strong>dnm</strong></span> <span class='ocrx_word' id='word_1_348' title='bbox 210 4583 300 4636; x_wconf 78' lang='lat' dir='ltr'><strong>natm</strong></span> <span class='ocrx_word' id='word_1_349' title='bbox 316 4579 380 4636; x_wconf 85' lang='lat' dir='ltr'><strong>aliis</strong></span> <span class='ocrx_word' id='word_1_350' title='bbox 395 4577 595 4648; x_wconf 69' lang='lat' dir='ltr'><strong>mmsndassa,</strong></span> <span class='ocrx_word' id='word_1_351' title='bbox 608 4579 916 4654; x_wconf 83' lang='lat' dir='ltr'><strong>quibussssistantiam</strong></span> <span class='ocrx_word' id='word_1_352' title='bbox 930 4580 991 4653; x_wconf 85' lang='lat' dir='ltr'><strong>Spi-</strong></span> 
     </span>
     <span class='ocr_line' id='line_1_41' title="bbox 126 4663 990 4744; baseline 0.009 -26"><span class='ocrx_word' id='word_1_353' title='bbox 126 4663 190 4722; x_wconf 90' lang='lat' dir='ltr'><strong>ritns</strong></span> <span class='ocrx_word' id='word_1_354' title='bbox 206 4667 295 4725; x_wconf 77' lang='lat' dir='ltr'><strong>uncti</strong></span> <span class='ocrx_word' id='word_1_355' title='bbox 316 4665 439 4741; x_wconf 79' lang='lat' dir='ltr'><strong>delegari</strong></span> <span class='ocrx_word' id='word_1_356' title='bbox 456 4684 513 4726; x_wconf 90' lang='lat' dir='ltr'><strong>nen</strong></span> <span class='ocrx_word' id='word_1_357' title='bbox 531 4669 631 4744; x_wconf 89' lang='lat' dir='ltr'><strong>potnit.</strong></span> <span class='ocrx_word' id='word_1_358' title='bbox 652 4675 679 4726; x_wconf 85' lang='lat'><strong>6.</strong></span> <span class='ocrx_word' id='word_1_359' title='bbox 695 4669 767 4727; x_wconf 89' lang='lat' dir='ltr'><strong>Cum</strong></span> <span class='ocrx_word' id='word_1_360' title='bbox 786 4683 857 4742; x_wconf 89' lang='lat' dir='ltr'><strong>opus</strong></span> <span class='ocrx_word' id='word_1_361' title='bbox 874 4685 890 4728; x_wconf 90' lang='lat' dir='ltr'><strong>s</strong></span> <span class='ocrx_word' id='word_1_362' title='bbox 909 4668 990 4727; x_wconf 91' lang='lat' dir='ltr'><strong>nobis</strong></span> 
     </span>
     <span class='ocr_line' id='line_1_42' title="bbox 128 4757 987 4834; baseline 0.01 -24"><span class='ocrx_word' id='word_1_363' title='bbox 128 4769 221 4828; x_wconf 75' lang='lat' dir='ltr'><strong>magno</strong></span> <span class='ocrx_word' id='word_1_364' title='bbox 243 4757 338 4817; x_wconf 87' lang='lat' dir='ltr'><strong>labore</strong></span> <span class='ocrx_word' id='word_1_365' title='bbox 361 4768 423 4833; x_wconf 90' lang='lat' dir='ltr'><strong>post</strong></span> <span class='ocrx_word' id='word_1_366' title='bbox 444 4776 534 4818; x_wconf 91' lang='lat' dir='ltr'><strong>uuum</strong></span> <span class='ocrx_word' id='word_1_367' title='bbox 558 4760 602 4817; x_wconf 90' lang='lat' dir='ltr'><strong>rel</strong></span> <span class='ocrx_word' id='word_1_368' title='bbox 623 4759 744 4817; x_wconf 88' lang='lat' dir='ltr'><strong>alterum</strong></span> <span class='ocrx_word' id='word_1_369' title='bbox 768 4776 875 4818; x_wconf 90' lang='lat' dir='ltr'><strong>annum</strong></span> <span class='ocrx_word' id='word_1_370' title='bbox 898 4759 987 4834; x_wconf 87' lang='lat' dir='ltr'><strong>peris·</strong></span> 
     </span>
     <span class='ocr_line' id='line_1_43' title="bbox 126 4849 988 4918; baseline 0.008 -17"><span class='ocrx_word' id='word_1_371' title='bbox 126 4853 194 4904; x_wconf 86' lang='lat' dir='ltr'><strong>ctum</strong></span> <span class='ocrx_word' id='word_1_372' title='bbox 210 4851 276 4918; x_wconf 88' lang='lat' dir='ltr'><strong>erit,</strong></span> <span class='ocrx_word' id='word_1_373' title='bbox 288 4865 346 4908; x_wconf 90' lang='lat' dir='ltr'><strong>non</strong></span> <span class='ocrx_word' id='word_1_374' title='bbox 363 4849 445 4908; x_wconf 81' lang='lat' dir='ltr'><strong>facile</strong></span> <span class='ocrx_word' id='word_1_375' title='bbox 461 4849 562 4909; x_wconf 89' lang='lat' dir='ltr'><strong>edetur</strong></span> <span class='ocrx_word' id='word_1_376' title='bbox 577 4851 606 4908; x_wconf 91' lang='lat' dir='ltr'><strong>in</strong></span> <span class='ocrx_word' id='word_1_377' title='bbox 626 4850 729 4910; x_wconf 84' lang='lat' dir='ltr'><strong>lucem.</strong></span> <span class='ocrx_word' id='word_1_378' title='bbox 742 4851 807 4909; x_wconf 82' lang='lat' dir='ltr'><strong>lion</strong></span> <span class='ocrx_word' id='word_1_379' title='bbox 821 4851 896 4908; x_wconf 86' lang='lat' dir='ltr'><strong>enim</strong></span> <span class='ocrx_word' id='word_1_380' title='bbox 912 4865 988 4908; x_wconf 90' lang='lat' dir='ltr'><strong>sum·</strong></span> 
     </span>
     <span class='ocr_line' id='line_1_44' title="bbox 126 4937 988 5010; baseline 0.01 -21"><span class='ocrx_word' id='word_1_381' title='bbox 126 4947 184 4993; x_wconf 86' lang='lat' dir='ltr'><strong>nus</strong></span> <span class='ocrx_word' id='word_1_382' title='bbox 200 4937 325 4998; x_wconf 80' lang='lat' dir='ltr'><strong>Pontifex</strong></span> <span class='ocrx_word' id='word_1_383' title='bbox 340 4939 423 4998; x_wconf 86' lang='lat' dir='ltr'><strong>cuius</strong></span> <span class='ocrx_word' id='word_1_384' title='bbox 438 4940 554 5000; x_wconf 88' lang='lat' dir='ltr'><strong>nomine</strong></span> <span class='ocrx_word' id='word_1_385' title='bbox 571 4942 663 4999; x_wconf 87' lang='lat' dir='ltr'><strong>emitti</strong></span> <span class='ocrx_word' id='word_1_386' title='bbox 679 4939 777 5010; x_wconf 89' lang='lat' dir='ltr'><strong>debet,</strong></span> <span class='ocrx_word' id='word_1_387' title='bbox 790 4939 891 5000; x_wconf 83' lang='lat' dir='ltr'><strong>certior</strong></span> <span class='ocrx_word' id='word_1_388' title='bbox 907 4939 988 4998; x_wconf 88' lang='lat' dir='ltr'><strong>reddi</strong></span> 
     </span>
     <span class='ocr_line' id='line_1_45' title="bbox 127 5027 983 5094; baseline 0.006 -11"><span class='ocrx_word' id='word_1_389' title='bbox 127 5027 220 5094; x_wconf 68' lang='lat' dir='ltr'><strong>merit</strong></span> <span class='ocrx_word' id='word_1_390' title='bbox 241 5036 316 5087; x_wconf 89' lang='lat' dir='ltr'><strong>recte</strong></span> <span class='ocrx_word' id='word_1_391' title='bbox 338 5045 374 5088; x_wconf 83' lang='lat' dir='ltr'><strong>ne</strong></span> <span class='ocrx_word' id='word_1_392' title='bbox 397 5045 433 5088; x_wconf 89' lang='lat' dir='ltr'><strong>aa</strong></span> <span class='ocrx_word' id='word_1_393' title='bbox 456 5045 537 5088; x_wconf 88' lang='lat' dir='ltr'><strong>secus</strong></span> <span class='ocrx_word' id='word_1_394' title='bbox 559 5031 591 5086; x_wconf 91' lang='lat' dir='ltr'><strong>in</strong></span> <span class='ocrx_word' id='word_1_395' title='bbox 612 5029 807 5089; x_wconf 88' lang='lat' dir='ltr'><strong>emendatione</strong></span> <span class='ocrx_word' id='word_1_396' title='bbox 826 5030 983 5088; x_wconf 90' lang='lat' dir='ltr'><strong>Bibliorum</strong></span> 
     </span>
     <span class='ocr_line' id='line_1_46' title="bbox 127 5117 984 5194; baseline 0.002 -20"><span class='ocrx_word' id='word_1_397' title='bbox 127 5117 350 5186; x_wconf 69' lang='lat' dir='ltr'><strong>ammaum,</strong></span> <span class='ocrx_word' id='word_1_398' title='bbox 368 5133 434 5175; x_wconf 90' lang='lat' dir='ltr'><strong>cum</strong></span> <span class='ocrx_word' id='word_1_399' title='bbox 455 5121 567 5192; x_wconf 83' lang='lat' dir='ltr'><strong>ignorat</strong></span> <span class='ocrx_word' id='word_1_400' title='bbox 587 5119 655 5193; x_wconf 90' lang='lat' dir='ltr'><strong>quid</strong></span> <span class='ocrx_word' id='word_1_401' title='bbox 675 5121 788 5194; x_wconf 85' lang='lat' dir='ltr'><strong>sequuti</strong></span> <span class='ocrx_word' id='word_1_402' title='bbox 807 5122 913 5191; x_wconf 87' lang='lat' dir='ltr'><strong>simus,</strong></span> <span class='ocrx_word' id='word_1_403' title='bbox 934 5135 984 5178; x_wconf 90' lang='lat' dir='ltr'><strong>ne-</strong></span> 
     </span>
     <span class='ocr_line' id='line_1_47' title="bbox 126 5207 985 5282; baseline 0.008 -23"><span class='ocrx_word' id='word_1_404' title='bbox 126 5217 175 5272; x_wconf 83' lang='lat' dir='ltr'><strong>que</strong></span> <span class='ocrx_word' id='word_1_405' title='bbox 189 5219 237 5264; x_wconf 91' lang='lat' dir='ltr'><strong>nos</strong></span> <span class='ocrx_word' id='word_1_406' title='bbox 251 5207 278 5265; x_wconf 88' lang='lat' dir='ltr'><strong>ei</strong></span> <span class='ocrx_word' id='word_1_407' title='bbox 294 5207 454 5281; x_wconf 79' lang='lat' dir='ltr'><strong>significare</strong></span> <span class='ocrx_word' id='word_1_408' title='bbox 473 5209 613 5282; x_wconf 81' lang='lat' dir='ltr'><strong>possimm</strong></span> <span class='ocrx_word' id='word_1_409' title='bbox 629 5223 716 5282; x_wconf 68' lang='lat' dir='ltr'><strong>mam</strong></span> <span class='ocrx_word' id='word_1_410' title='bbox 736 5210 873 5268; x_wconf 89' lang='lat' dir='ltr'><strong>rationem</strong></span> <span class='ocrx_word' id='word_1_411' title='bbox 892 5207 922 5266; x_wconf 91' lang='lat' dir='ltr'><strong>in</strong></span> <span class='ocrx_word' id='word_1_412' title='bbox 940 5209 985 5266; x_wconf 80' lang='lat' dir='ltr'><strong>Bi·</strong></span> 
     </span>
     <span class='ocr_line' id='line_1_48' title="bbox 126 5287 983 5375; baseline 0.016 -31"><span class='ocrx_word' id='word_1_413' title='bbox 126 5287 185 5350; x_wconf 89' lang='lat' dir='ltr'><strong>biiis</strong></span> <span class='ocrx_word' id='word_1_414' title='bbox 207 5295 378 5370; x_wconf 75' lang='lat' dir='ltr'><strong>corrigendis</strong></span> <span class='ocrx_word' id='word_1_415' title='bbox 401 5299 593 5366; x_wconf 64' lang='lat' dir='ltr'><strong>ianuarium</strong></span> <span class='ocrx_word' id='word_1_416' title='bbox 612 5299 716 5372; x_wconf 88' lang='lat' dir='ltr'><strong>quippe</strong></span> <span class='ocrx_word' id='word_1_417' title='bbox 742 5301 791 5375; x_wconf 86' lang='lat' dir='ltr'><strong>qui</strong></span> <span class='ocrx_word' id='word_1_418' title='bbox 816 5300 887 5359; x_wconf 90' lang='lat' dir='ltr'><strong>nibil</strong></span> <span class='ocrx_word' id='word_1_419' title='bbox 913 5300 983 5358; x_wconf 85' lang='lat' dir='ltr'><strong>certi</strong></span> 
     </span>
     <span class='ocr_line' id='line_1_49' title="bbox 127 5379 984 5460; baseline 0.012 -24"><span class='ocrx_word' id='word_1_420' title='bbox 127 5379 275 5445; x_wconf 72' lang='lat' dir='ltr'><strong>babilinus.</strong></span> <span class='ocrx_word' id='word_1_421' title='bbox 296 5393 393 5460; x_wconf 88' lang='lat' dir='ltr'><strong>ltaque</strong></span> <span class='ocrx_word' id='word_1_422' title='bbox 410 5387 551 5460; x_wconf 85' lang='lat' dir='ltr'><strong>oportebit</strong></span> <span class='ocrx_word' id='word_1_423' title='bbox 567 5396 600 5445; x_wconf 89' lang='lat' dir='ltr'><strong>nt</strong></span> <span class='ocrx_word' id='word_1_424' title='bbox 617 5394 713 5445; x_wconf 88' lang='lat' dir='ltr'><strong>noster</strong></span> <span class='ocrx_word' id='word_1_425' title='bbox 728 5386 808 5446; x_wconf 90' lang='lat' dir='ltr'><strong>labor</strong></span> <span class='ocrx_word' id='word_1_426' title='bbox 824 5389 887 5446; x_wconf 85' lang='lat' dir='ltr'><strong>aliis</strong></span> <span class='ocrx_word' id='word_1_427' title='bbox 906 5404 984 5446; x_wconf 88' lang='lat' dir='ltr'><strong>raco-</strong></span> 
     </span>
     <span class='ocr_line' id='line_1_50' title="bbox 127 5476 984 5554; baseline 0.004 -22"><span class='ocrx_word' id='word_1_428' title='bbox 127 5476 292 5542; x_wconf 74' lang='lat' dir='ltr'><strong>munuum</strong></span> <span class='ocrx_word' id='word_1_429' title='bbox 316 5477 523 5549; x_wconf 88' lang='lat' dir='ltr'><strong>demandatur,</strong></span> <span class='ocrx_word' id='word_1_430' title='bbox 545 5479 595 5554; x_wconf 89' lang='lat' dir='ltr'><strong>qui</strong></span> <span class='ocrx_word' id='word_1_431' title='bbox 616 5495 632 5536; x_wconf 90' lang='lat' dir='ltr'><strong>a</strong></span> <span class='ocrx_word' id='word_1_432' title='bbox 654 5477 737 5536; x_wconf 90' lang='lat' dir='ltr'><strong>nobis</strong></span> <span class='ocrx_word' id='word_1_433' title='bbox 762 5476 930 5536; x_wconf 86' lang='lat' dir='ltr'><strong>dissentient</strong></span> <span class='ocrx_word' id='word_1_434' title='bbox 952 5479 984 5535; x_wconf 92' lang='lat' dir='ltr'><strong>in</strong></span> 
     </span>
     <span class='ocr_line' id='line_1_51' title="bbox 123 5562 985 5642; baseline 0.012 -26"><span class='ocrx_word' id='word_1_435' title='bbox 123 5562 230 5634; x_wconf 85' lang='lat' dir='ltr'><strong>unitis,</strong></span> <span class='ocrx_word' id='word_1_436' title='bbox 249 5574 282 5624; x_wconf 91' lang='lat' dir='ltr'><strong>nt</strong></span> <span class='ocrx_word' id='word_1_437' title='bbox 299 5581 351 5626; x_wconf 90' lang='lat' dir='ltr'><strong>nos</strong></span> <span class='ocrx_word' id='word_1_438' title='bbox 373 5567 403 5624; x_wconf 92' lang='lat' dir='ltr'><strong>in</strong></span> <span class='ocrx_word' id='word_1_439' title='bbox 428 5567 525 5626; x_wconf 77' lang='lat' dir='ltr'><strong>mulus</strong></span> <span class='ocrx_word' id='word_1_440' title='bbox 546 5565 729 5626; x_wconf 86' lang='lat' dir='ltr'><strong>dissentimus</strong></span> <span class='ocrx_word' id='word_1_441' title='bbox 751 5566 787 5625; x_wconf 90' lang='lat' dir='ltr'><strong>ab</strong></span> <span class='ocrx_word' id='word_1_442' title='bbox 810 5567 845 5624; x_wconf 89' lang='lat' dir='ltr'><strong>iis</strong></span> <span class='ocrx_word' id='word_1_443' title='bbox 864 5568 913 5642; x_wconf 84' lang='lat' dir='ltr'><strong>qui</strong></span> <span class='ocrx_word' id='word_1_444' title='bbox 931 5567 985 5626; x_wconf 86' lang='lat' dir='ltr'><strong>snb</strong></span> 
     </span>
     <span class='ocr_line' id='line_1_52' title="bbox 127 5649 984 5730; baseline 0.015 -27"><span class='ocrx_word' id='word_1_445' title='bbox 127 5649 200 5710; x_wconf 83' lang='lat' dir='ltr'><strong>tibba</strong></span> <span class='ocrx_word' id='word_1_446' title='bbox 218 5655 300 5714; x_wconf 84' lang='lat' dir='ltr'><strong>card.</strong></span> <span class='ocrx_word' id='word_1_447' title='bbox 319 5655 429 5716; x_wconf 81' lang='lat' dir='ltr'><strong>Camila</strong></span> <span class='ocrx_word' id='word_1_448' title='bbox 452 5658 592 5730; x_wconf 75' lang='lat' dir='ltr'><strong>puniam,</strong></span> <span class='ocrx_word' id='word_1_449' title='bbox 611 5656 714 5716; x_wconf 88' lang='lat' dir='ltr'><strong>deinde</strong></span> <span class='ocrx_word' id='word_1_450' title='bbox 731 5656 788 5714; x_wconf 90' lang='lat' dir='ltr'><strong>sub</strong></span> <span class='ocrx_word' id='word_1_451' title='bbox 807 5657 984 5717; x_wconf 85' lang='lat' dir='ltr'><strong>sanctissimo</strong></span> 
     </span>
     <span class='ocr_line' id='line_1_53' title="bbox 127 5741 983 5822; baseline 0.009 -26"><span class='ocrx_word' id='word_1_452' title='bbox 127 5741 250 5802; x_wconf 82' lang='lat' dir='ltr'><strong>Pondilee</strong></span> <span class='ocrx_word' id='word_1_453' title='bbox 267 5747 343 5805; x_wconf 84' lang='lat' dir='ltr'><strong>Sixto</strong></span> <span class='ocrx_word' id='word_1_454' title='bbox 363 5749 396 5804; x_wconf 86' lang='lat' dir='ltr'><strong>v.</strong></span> <span class='ocrx_word' id='word_1_455' title='bbox 417 5745 491 5805; x_wconf 86' lang='lat' dir='ltr'><strong>idem</strong></span> <span class='ocrx_word' id='word_1_456' title='bbox 510 5761 580 5822; x_wconf 90' lang='lat' dir='ltr'><strong>opus</strong></span> <span class='ocrx_word' id='word_1_457' title='bbox 600 5755 775 5820; x_wconf 79' lang='lat' dir='ltr'><strong>peregerunt.</strong></span> <span class='ocrx_word' id='word_1_458' title='bbox 797 5745 879 5820; x_wconf 87' lang='lat' dir='ltr'><strong>Quod</strong></span> <span class='ocrx_word' id='word_1_459' title='bbox 899 5745 923 5804; x_wconf 88' lang='lat' dir='ltr'><strong>si</strong></span> <span class='ocrx_word' id='word_1_460' title='bbox 942 5754 983 5804; x_wconf 89' lang='lat' dir='ltr'><strong>et·</strong></span> 
     </span>
     <span class='ocr_line' id='line_1_54' title="bbox 128 5830 981 5897; baseline 0.012 -13"><span class='ocrx_word' id='word_1_461' title='bbox 128 5830 178 5888; x_wconf 84' lang='lat' dir='ltr'><strong>iam</strong></span> <span class='ocrx_word' id='word_1_462' title='bbox 195 5833 229 5893; x_wconf 87' lang='lat' dir='ltr'><strong>ad</strong></span> <span class='ocrx_word' id='word_1_463' title='bbox 243 5837 383 5896; x_wconf 88' lang='lat' dir='ltr'><strong>indicium</strong></span> <span class='ocrx_word' id='word_1_464' title='bbox 401 5838 623 5896; x_wconf 79' lang='lat' dir='ltr'><strong>Universitatum</strong></span> <span class='ocrx_word' id='word_1_465' title='bbox 642 5847 736 5896; x_wconf 89' lang='lat' dir='ltr'><strong>nostra</strong></span> <span class='ocrx_word' id='word_1_466' title='bbox 757 5835 917 5897; x_wconf 86' lang='lat' dir='ltr'><strong>emendatio</strong></span> <span class='ocrx_word' id='word_1_467' title='bbox 936 5849 981 5894; x_wconf 86' lang='lat' dir='ltr'><strong>re·</strong></span> 
     </span>
    </p>
   </div>
   <div class='ocr_carea' id='block_1_6' title="bbox 1055 3227 1934 5370">
    <p class='ocr_par' dir='ltr' id='par_1_6' title="bbox 1055 3227 1934 5370">
     <span class='ocr_line' id='line_1_55' title="bbox 1063 3227 1932 3314; baseline 0.002 -18"><span class='ocrx_word' id='word_1_468' title='bbox 1063 3245 1141 3312; x_wconf 75' lang='lat' dir='ltr'><strong>tegra</strong></span> <span class='ocrx_word' id='word_1_469' title='bbox 1153 3245 1211 3297; x_wconf 87' lang='lat' dir='ltr'><strong>tota</strong></span> <span class='ocrx_word' id='word_1_470' title='bbox 1224 3239 1316 3297; x_wconf 87' lang='lat' dir='ltr'><strong>Biblia</strong></span> <span class='ocrx_word' id='word_1_471' title='bbox 1329 3235 1450 3296; x_wconf 83' lang='lat' dir='ltr'><strong>conferri</strong></span> <span class='ocrx_word' id='word_1_472' title='bbox 1462 3251 1527 3295; x_wconf 91' lang='lat' dir='ltr'><strong>oum</strong></span> <span class='ocrx_word' id='word_1_473' title='bbox 1539 3237 1664 3296; x_wconf 79' lang='lat' dir='ltr'><strong>ionbbus</strong></span> <span class='ocrx_word' id='word_1_474' title='bbox 1678 3246 1707 3296; x_wconf 88' lang='lat' dir='ltr'><strong>et</strong></span> <span class='ocrx_word' id='word_1_475' title='bbox 1719 3227 1932 3314; x_wconf 81' lang='lat' dir='ltr'><strong>manuscriptis,</strong></span> 
     </span>
     <span class='ocr_line' id='line_1_56' title="bbox 1063 3325 1934 3404; baseline 0.005 -18"><span class='ocrx_word' id='word_1_476' title='bbox 1063 3343 1128 3386; x_wconf 87' lang='lat' dir='ltr'><strong>eum</strong></span> <span class='ocrx_word' id='word_1_477' title='bbox 1141 3343 1198 3388; x_wconf 91' lang='lat' dir='ltr'><strong>non</strong></span> <span class='ocrx_word' id='word_1_478' title='bbox 1213 3329 1353 3401; x_wconf 81' lang='lat' dir='ltr'><strong>posn&#39;mrn</strong></span> <span class='ocrx_word' id='word_1_479' title='bbox 1364 3327 1400 3388; x_wconf 88' lang='lat' dir='ltr'><strong>ad</strong></span> <span class='ocrx_word' id='word_1_480' title='bbox 1410 3341 1459 3388; x_wconf 85' lang='lat' dir='ltr'><strong>scs</strong></span> <span class='ocrx_word' id='word_1_481' title='bbox 1471 3329 1582 3388; x_wconf 75' lang='lat' dir='ltr'><strong>minere</strong></span> <span class='ocrx_word' id='word_1_482' title='bbox 1593 3325 1705 3402; x_wconf 71' lang='lat' dir='ltr'><strong>manias</strong></span> <span class='ocrx_word' id='word_1_483' title='bbox 1717 3342 1787 3404; x_wconf 85' lang='lat' dir='ltr'><strong>quas</strong></span> <span class='ocrx_word' id='word_1_484' title='bbox 1799 3331 1829 3388; x_wconf 91' lang='lat' dir='ltr'><strong>in</strong></span> <span class='ocrx_word' id='word_1_485' title='bbox 1840 3342 1934 3390; x_wconf 83' lang='lat' dir='ltr'><strong>emen·</strong></span> 
     </span>
     <span class='ocr_line' id='line_1_57' title="bbox 1063 3415 1933 3494; baseline 0.007 -20"><span class='ocrx_word' id='word_1_486' title='bbox 1063 3415 1164 3475; x_wconf 89' lang='lat' dir='ltr'><strong>dandis</strong></span> <span class='ocrx_word' id='word_1_487' title='bbox 1178 3415 1278 3474; x_wconf 86' lang='lat' dir='ltr'><strong>Bibliis</strong></span> <span class='ocrx_word' id='word_1_488' title='bbox 1289 3417 1401 3490; x_wconf 87' lang='lat' dir='ltr'><strong>sequuti</strong></span> <span class='ocrx_word' id='word_1_489' title='bbox 1418 3431 1533 3486; x_wconf 86' lang='lat' dir='ltr'><strong>sumus,</strong></span> <span class='ocrx_word' id='word_1_490' title='bbox 1547 3424 1580 3474; x_wconf 91' lang='lat' dir='ltr'><strong>ut</strong></span> <span class='ocrx_word' id='word_1_491' title='bbox 1597 3417 1654 3476; x_wconf 91' lang='lat' dir='ltr'><strong>iliis</strong></span> <span class='ocrx_word' id='word_1_492' title='bbox 1668 3418 1736 3478; x_wconf 92' lang='lat' dir='ltr'><strong>solis</strong></span> <span class='ocrx_word' id='word_1_493' title='bbox 1751 3419 1884 3494; x_wconf 83' lang='lat' dir='ltr'><strong>inspectis</strong></span> <span class='ocrx_word' id='word_1_494' title='bbox 1898 3420 1933 3480; x_wconf 88' lang='lat' dir='ltr'><strong>ds</strong></span> 
     </span>
     <span class='ocr_line' id='line_1_58' title="bbox 1065 3499 1932 3580; baseline 0.005 -17"><span class='ocrx_word' id='word_1_495' title='bbox 1065 3513 1122 3564; x_wconf 89' lang='lat' dir='ltr'><strong>tota</strong></span> <span class='ocrx_word' id='word_1_496' title='bbox 1140 3505 1335 3564; x_wconf 90' lang='lat' dir='ltr'><strong>emendatione</strong></span> <span class='ocrx_word' id='word_1_497' title='bbox 1348 3505 1434 3564; x_wconf 90' lang='lat' dir='ltr'><strong>simul</strong></span> <span class='ocrx_word' id='word_1_498' title='bbox 1450 3499 1588 3563; x_wconf 89' lang='lat' dir='ltr'><strong>iudicium</strong></span> <span class='ocrx_word' id='word_1_499' title='bbox 1604 3505 1704 3564; x_wconf 86' lang='lat' dir='ltr'><strong>ierant.</strong></span> <span class='ocrx_word' id='word_1_500' title='bbox 1721 3507 1799 3580; x_wconf 89' lang='lat' dir='ltr'><strong>Quae</strong></span> <span class='ocrx_word' id='word_1_501' title='bbox 1816 3526 1881 3567; x_wconf 89' lang='lat' dir='ltr'><strong>eum</strong></span> <span class='ocrx_word' id='word_1_502' title='bbox 1893 3509 1932 3568; x_wconf 92' lang='lat' dir='ltr'><strong>ita</strong></span> 
     </span>
     <span class='ocr_line' id='line_1_59' title="bbox 1057 3593 1933 3669; baseline 0.008 -20"><span class='ocrx_word' id='word_1_503' title='bbox 1057 3595 1134 3666; x_wconf 43' lang='lat' dir='ltr'><strong>..sint,</strong></span> <span class='ocrx_word' id='word_1_504' title='bbox 1146 3603 1181 3653; x_wconf 90' lang='lat' dir='ltr'><strong>ut</strong></span> <span class='ocrx_word' id='word_1_505' title='bbox 1196 3593 1356 3653; x_wconf 85' lang='lat' dir='ltr'><strong>emendatio</strong></span> <span class='ocrx_word' id='word_1_506' title='bbox 1372 3593 1529 3652; x_wconf 71' lang='lat' dir='ltr'><strong>bibliorum</strong></span> <span class='ocrx_word' id='word_1_507' title='bbox 1548 3593 1614 3652; x_wconf 88' lang='lat' dir='ltr'><strong>talis</strong></span> <span class='ocrx_word' id='word_1_508' title='bbox 1629 3597 1679 3664; x_wconf 89' lang='lat' dir='ltr'><strong>sit,</strong></span> <span class='ocrx_word' id='word_1_509' title='bbox 1692 3611 1764 3669; x_wconf 87' lang='lat' dir='ltr'><strong>quae</strong></span> <span class='ocrx_word' id='word_1_510' title='bbox 1780 3605 1808 3655; x_wconf 87' lang='lat' dir='ltr'><strong>at</strong></span> <span class='ocrx_word' id='word_1_511' title='bbox 1823 3613 1839 3656; x_wconf 90' lang='lat' dir='ltr'><strong>a</strong></span> <span class='ocrx_word' id='word_1_512' title='bbox 1857 3615 1933 3656; x_wconf 80' lang='lat' dir='ltr'><strong>snm</strong></span> 
     </span>
     <span class='ocr_line' id='line_1_60' title="bbox 1064 3682 1931 3758; baseline 0.005 -16"><span class='ocrx_word' id='word_1_513' title='bbox 1064 3697 1110 3744; x_wconf 90' lang='lat' dir='ltr'><strong>mo</strong></span> <span class='ocrx_word' id='word_1_514' title='bbox 1122 3685 1258 3744; x_wconf 77' lang='lat' dir='ltr'><strong>emuna</strong></span> <span class='ocrx_word' id='word_1_515' title='bbox 1273 3693 1336 3742; x_wconf 87' lang='lat' dir='ltr'><strong>tuto</strong></span> <span class='ocrx_word' id='word_1_516' title='bbox 1354 3685 1465 3758; x_wconf 86' lang='lat' dir='ltr'><strong>probari</strong></span> <span class='ocrx_word' id='word_1_517' title='bbox 1484 3693 1513 3742; x_wconf 87' lang='lat' dir='ltr'><strong>at</strong></span> <span class='ocrx_word' id='word_1_518' title='bbox 1531 3682 1567 3742; x_wconf 87' lang='lat' dir='ltr'><strong>ab</strong></span> <span class='ocrx_word' id='word_1_519' title='bbox 1584 3686 1712 3746; x_wconf 77' lang='lat' dir='ltr'><strong>unirent</strong></span> <span class='ocrx_word' id='word_1_520' title='bbox 1730 3686 1851 3746; x_wconf 74' lang='lat' dir='ltr'><strong>Ecclesia</strong></span> <span class='ocrx_word' id='word_1_521' title='bbox 1868 3687 1931 3748; x_wconf 88' lang='lat' dir='ltr'><strong>lau·</strong></span> 
     </span>
     <span class='ocr_line' id='line_1_61' title="bbox 1062 3770 1933 3848; baseline 0.002 -17"><span class='ocrx_word' id='word_1_522' title='bbox 1062 3774 1123 3833; x_wconf 91' lang='lat' dir='ltr'><strong>dari</strong></span> <span class='ocrx_word' id='word_1_523' title='bbox 1138 3773 1238 3848; x_wconf 87' lang='lat' dir='ltr'><strong>possit,</strong></span> <span class='ocrx_word' id='word_1_524' title='bbox 1253 3773 1457 3848; x_wconf 87' lang='lat' dir='ltr'><strong>quaestionesa</strong></span> <span class='ocrx_word' id='word_1_525' title='bbox 1474 3774 1556 3832; x_wconf 92' lang='lat' dir='ltr'><strong>nobis</strong></span> <span class='ocrx_word' id='word_1_526' title='bbox 1572 3775 1728 3848; x_wconf 87' lang='lat' dir='ltr'><strong>propositae</strong></span> <span class='ocrx_word' id='word_1_527' title='bbox 1741 3770 1933 3834; x_wconf 88' lang='lat' dir='ltr'><strong>discutiendae</strong></span> 
     </span>
     <span class='ocr_line' id='line_1_62' title="bbox 1061 3859 1932 3935; baseline 0.002 -15"><span class='ocrx_word' id='word_1_528' title='bbox 1061 3869 1090 3921; x_wconf 89' lang='lat' dir='ltr'><strong>et</strong></span> <span class='ocrx_word' id='word_1_529' title='bbox 1109 3877 1142 3920; x_wconf 83' lang='lat' dir='ltr'><strong>ex</strong></span> <span class='ocrx_word' id='word_1_530' title='bbox 1160 3863 1201 3920; x_wconf 91' lang='lat' dir='ltr'><strong>eis</strong></span> <span class='ocrx_word' id='word_1_531' title='bbox 1222 3859 1335 3935; x_wconf 79' lang='lat' dir='ltr'><strong>regulae</strong></span> <span class='ocrx_word' id='word_1_532' title='bbox 1353 3860 1518 3920; x_wconf 78' lang='lat' dir='ltr'><strong>formandae</strong></span> <span class='ocrx_word' id='word_1_533' title='bbox 1538 3871 1631 3921; x_wconf 86' lang='lat' dir='ltr'><strong>essem</strong></span> <span class='ocrx_word' id='word_1_534' title='bbox 1652 3863 1757 3920; x_wconf 86' lang='lat' dir='ltr'><strong>iudicio</strong></span> <span class='ocrx_word' id='word_1_535' title='bbox 1778 3864 1932 3922; x_wconf 88' lang='lat' dir='ltr'><strong>multomm</strong></span> 
     </span>
     <span class='ocr_line' id='line_1_63' title="bbox 1062 3952 1933 4029; baseline 0.001 -19"><span class='ocrx_word' id='word_1_536' title='bbox 1062 3953 1211 4012; x_wconf 88' lang='lat' dir='ltr'><strong>bominum</strong></span> <span class='ocrx_word' id='word_1_537' title='bbox 1229 3952 1458 4010; x_wconf 82' lang='lat' dir='ltr'><strong>doctissimorum</strong></span> <span class='ocrx_word' id='word_1_538' title='bbox 1475 3967 1508 4011; x_wconf 84' lang='lat' dir='ltr'><strong>ex</strong></span> <span class='ocrx_word' id='word_1_539' title='bbox 1523 3953 1607 4010; x_wconf 87' lang='lat' dir='ltr'><strong>rarils</strong></span> <span class='ocrx_word' id='word_1_540' title='bbox 1618 3952 1870 4026; x_wconf 82' lang='lat' dir='ltr'><strong>Unirsssitatibns‚</strong></span> <span class='ocrx_word' id='word_1_541' title='bbox 1882 3956 1933 4029; x_wconf 86' lang='lat' dir='ltr'><strong>qui</strong></span> 
     </span>
     <span class='ocr_line' id='line_1_64' title="bbox 1061 4039 1932 4118; baseline 0.005 -20"><span class='ocrx_word' id='word_1_542' title='bbox 1061 4043 1167 4100; x_wconf 79' lang='lat' dir='ltr'><strong>Romae</strong></span> <span class='ocrx_word' id='word_1_543' title='bbox 1180 4057 1238 4098; x_wconf 92' lang='lat' dir='ltr'><strong>non</strong></span> <span class='ocrx_word' id='word_1_544' title='bbox 1249 4039 1360 4100; x_wconf 72' lang='lat' dir='ltr'><strong>duum.</strong></span> <span class='ocrx_word' id='word_1_545' title='bbox 1376 4043 1426 4100; x_wconf 85' lang='lat' dir='ltr'><strong>Est</strong></span> <span class='ocrx_word' id='word_1_546' title='bbox 1440 4042 1516 4099; x_wconf 89' lang='lat' dir='ltr'><strong>enim</strong></span> <span class='ocrx_word' id='word_1_547' title='bbox 1533 4041 1587 4099; x_wconf 88' lang='lat' dir='ltr'><strong>hoe</strong></span> <span class='ocrx_word' id='word_1_548' title='bbox 1605 4051 1728 4116; x_wconf 71' lang='lat' dir='ltr'><strong>empore</strong></span> <span class='ocrx_word' id='word_1_549' title='bbox 1739 4042 1767 4098; x_wconf 93' lang='lat' dir='ltr'><strong>in</strong></span> <span class='ocrx_word' id='word_1_550' title='bbox 1779 4041 1856 4099; x_wconf 89' lang='lat' dir='ltr'><strong>Urbe</strong></span> <span class='ocrx_word' id='word_1_551' title='bbox 1868 4058 1932 4118; x_wconf 81' lang='lat' dir='ltr'><strong>syu-</strong></span> 
     </span>
     <span class='ocr_line' id='line_1_65' title="bbox 1061 4129 1933 4204; baseline 0.001 -17"><span class='ocrx_word' id='word_1_552' title='bbox 1061 4130 1143 4189; x_wconf 92' lang='lat' dir='ltr'><strong>dicus</strong></span> <span class='ocrx_word' id='word_1_553' title='bbox 1158 4130 1303 4189; x_wconf 83' lang='lat' dir='ltr'><strong>facultatis</strong></span> <span class='ocrx_word' id='word_1_554' title='bbox 1322 4131 1495 4203; x_wconf 79' lang='lat' dir='ltr'><strong>theologicae</strong></span> <span class='ocrx_word' id='word_1_555' title='bbox 1517 4129 1690 4204; x_wconf 88' lang='lat' dir='ltr'><strong>parisiensis,</strong></span> <span class='ocrx_word' id='word_1_556' title='bbox 1704 4131 1746 4186; x_wconf 86' lang='lat' dir='ltr'><strong>vir</strong></span> <span class='ocrx_word' id='word_1_557' title='bbox 1764 4129 1887 4204; x_wconf 90' lang='lat' dir='ltr'><strong>prudens</strong></span> <span class='ocrx_word' id='word_1_558' title='bbox 1904 4139 1933 4188; x_wconf 91' lang='lat' dir='ltr'><strong>et</strong></span> 
     </span>
     <span class='ocr_line' id='line_1_66' title="bbox 1061 4217 1931 4288; baseline 0.001 -11"><span class='ocrx_word' id='word_1_559' title='bbox 1061 4220 1176 4288; x_wconf 71' lang='lat' dir='ltr'><strong>ductast</strong></span> <span class='ocrx_word' id='word_1_560' title='bbox 1193 4225 1237 4278; x_wconf 84' lang='lat' dir='ltr'><strong>ast</strong></span> <span class='ocrx_word' id='word_1_561' title='bbox 1252 4219 1327 4278; x_wconf 86' lang='lat' dir='ltr'><strong>alius</strong></span> <span class='ocrx_word' id='word_1_562' title='bbox 1342 4217 1442 4278; x_wconf 87' lang='lat' dir='ltr'><strong>doctor</strong></span> <span class='ocrx_word' id='word_1_563' title='bbox 1460 4217 1550 4277; x_wconf 75' lang='lat' dir='ltr'><strong>deal.</strong></span> <span class='ocrx_word' id='word_1_564' title='bbox 1565 4218 1748 4288; x_wconf 82' lang='lat' dir='ltr'><strong>lovaniensis,</strong></span> <span class='ocrx_word' id='word_1_565' title='bbox 1762 4217 1866 4278; x_wconf 81' lang='lat' dir='ltr'><strong>adsum</strong></span> <span class='ocrx_word' id='word_1_566' title='bbox 1880 4217 1931 4278; x_wconf 88' lang='lat' dir='ltr'><strong>do·</strong></span> 
     </span>
     <span class='ocr_line' id='line_1_67' title="bbox 1060 4308 1930 4384; baseline 0 -16"><span class='ocrx_word' id='word_1_567' title='bbox 1060 4319 1152 4370; x_wconf 82' lang='lat' dir='ltr'><strong>atores</strong></span> <span class='ocrx_word' id='word_1_568' title='bbox 1167 4309 1277 4384; x_wconf 84' lang='lat' dir='ltr'><strong>hispani</strong></span> <span class='ocrx_word' id='word_1_569' title='bbox 1294 4325 1327 4368; x_wconf 83' lang='lat' dir='ltr'><strong>er</strong></span> <span class='ocrx_word' id='word_1_570' title='bbox 1343 4308 1572 4368; x_wconf 84' lang='lat' dir='ltr'><strong>universitatibus</strong></span> <span class='ocrx_word' id='word_1_571' title='bbox 1588 4309 1794 4379; x_wconf 85' lang='lat' dir='ltr'><strong>salmaticensi,</strong></span> <span class='ocrx_word' id='word_1_572' title='bbox 1807 4317 1835 4366; x_wconf 88' lang='lat' dir='ltr'><strong>et</strong></span> <span class='ocrx_word' id='word_1_573' title='bbox 1853 4326 1930 4368; x_wconf 87' lang='lat' dir='ltr'><strong>oom-</strong></span> 
     </span>
     <span class='ocr_line' id='line_1_68' title="bbox 1062 4398 1932 4476; baseline 0.002 -19"><span class='ocrx_word' id='word_1_574' title='bbox 1062 4401 1200 4476; x_wconf 87' lang='lat' dir='ltr'><strong>plutensi,</strong></span> <span class='ocrx_word' id='word_1_575' title='bbox 1211 4407 1272 4457; x_wconf 91' lang='lat' dir='ltr'><strong>tum</strong></span> <span class='ocrx_word' id='word_1_576' title='bbox 1287 4399 1316 4457; x_wconf 93' lang='lat' dir='ltr'><strong>in</strong></span> <span class='ocrx_word' id='word_1_577' title='bbox 1329 4399 1463 4457; x_wconf 88' lang='lat' dir='ltr'><strong>coenobio</strong></span> <span class='ocrx_word' id='word_1_578' title='bbox 1476 4398 1713 4472; x_wconf 84' lang='lat' dir='ltr'><strong>praedicatorum,</strong></span> <span class='ocrx_word' id='word_1_579' title='bbox 1728 4407 1788 4456; x_wconf 89' lang='lat' dir='ltr'><strong>tum</strong></span> <span class='ocrx_word' id='word_1_580' title='bbox 1805 4401 1836 4456; x_wconf 93' lang='lat' dir='ltr'><strong>in</strong></span> <span class='ocrx_word' id='word_1_581' title='bbox 1849 4400 1932 4460; x_wconf 88' lang='lat' dir='ltr'><strong>eolle-</strong></span> 
     </span>
     <span class='ocr_line' id='line_1_69' title="bbox 1060 4487 1932 4566; baseline -0.001 -18"><span class='ocrx_word' id='word_1_582' title='bbox 1060 4493 1106 4566; x_wconf 89' lang='lat' dir='ltr'><strong>gio</strong></span> <span class='ocrx_word' id='word_1_583' title='bbox 1123 4491 1304 4559; x_wconf 83' lang='lat' dir='ltr'><strong>iesuitarum,</strong></span> <span class='ocrx_word' id='word_1_584' title='bbox 1317 4498 1379 4546; x_wconf 91' lang='lat' dir='ltr'><strong>tum</strong></span> <span class='ocrx_word' id='word_1_585' title='bbox 1398 4489 1483 4546; x_wconf 89' lang='lat' dir='ltr'><strong>etiam</strong></span> <span class='ocrx_word' id='word_1_586' title='bbox 1500 4495 1577 4546; x_wconf 84' lang='lat' dir='ltr'><strong>extra</strong></span> <span class='ocrx_word' id='word_1_587' title='bbox 1589 4487 1753 4560; x_wconf 64' lang='lat' dir='ltr'><strong>religionen</strong></span> <span class='ocrx_word' id='word_1_588' title='bbox 1766 4503 1818 4545; x_wconf 90' lang='lat' dir='ltr'><strong>nec</strong></span> <span class='ocrx_word' id='word_1_589' title='bbox 1829 4489 1932 4548; x_wconf 84' lang='lat' dir='ltr'><strong>desum</strong></span> 
     </span>
     <span class='ocr_line' id='line_1_70' title="bbox 1062 4575 1929 4652; baseline -0.003 -14"><span class='ocrx_word' id='word_1_590' title='bbox 1062 4577 1190 4638; x_wconf 73' lang='lat' dir='ltr'><strong>docum</strong></span> <span class='ocrx_word' id='word_1_591' title='bbox 1208 4579 1269 4638; x_wconf 87' lang='lat' dir='ltr'><strong>itali</strong></span> <span class='ocrx_word' id='word_1_592' title='bbox 1288 4577 1437 4652; x_wconf 84' lang='lat' dir='ltr'><strong>permtdtl;</strong></span> <span class='ocrx_word' id='word_1_593' title='bbox 1457 4575 1622 4636; x_wconf 86' lang='lat' dir='ltr'><strong>consulendi</strong></span> <span class='ocrx_word' id='word_1_594' title='bbox 1641 4577 1726 4634; x_wconf 86' lang='lat' dir='ltr'><strong>stiam</strong></span> <span class='ocrx_word' id='word_1_595' title='bbox 1745 4585 1838 4635; x_wconf 85' lang='lat' dir='ltr'><strong>essem</strong></span> <span class='ocrx_word' id='word_1_596' title='bbox 1854 4577 1929 4636; x_wconf 85' lang='lat' dir='ltr'><strong>lllrbi</strong></span> 
     </span>
     <span class='ocr_line' id='line_1_71' title="bbox 1061 4665 1930 4740; baseline -0.001 -14"><span class='ocrx_word' id='word_1_597' title='bbox 1061 4668 1224 4726; x_wconf 86' lang='lat' dir='ltr'><strong>Cardinales</strong></span> <span class='ocrx_word' id='word_1_598' title='bbox 1242 4677 1271 4726; x_wconf 85' lang='lat' dir='ltr'><strong>at</strong></span> <span class='ocrx_word' id='word_1_599' title='bbox 1288 4668 1390 4725; x_wconf 77' lang='lat' dir='ltr'><strong>caetui</strong></span> <span class='ocrx_word' id='word_1_600' title='bbox 1408 4667 1543 4738; x_wconf 85' lang='lat' dir='ltr'><strong>Praelati,</strong></span> <span class='ocrx_word' id='word_1_601' title='bbox 1555 4667 1604 4740; x_wconf 85' lang='lat' dir='ltr'><strong>qui</strong></span> <span class='ocrx_word' id='word_1_602' title='bbox 1623 4665 1658 4724; x_wconf 89' lang='lat' dir='ltr'><strong>de</strong></span> <span class='ocrx_word' id='word_1_603' title='bbox 1676 4665 1729 4722; x_wconf 89' lang='lat' dir='ltr'><strong>bae</strong></span> <span class='ocrx_word' id='word_1_604' title='bbox 1747 4681 1779 4722; x_wconf 92' lang='lat' dir='ltr'><strong>re</strong></span> <span class='ocrx_word' id='word_1_605' title='bbox 1795 4665 1867 4724; x_wconf 88' lang='lat' dir='ltr'><strong>bene</strong></span> <span class='ocrx_word' id='word_1_606' title='bbox 1885 4667 1930 4726; x_wconf 91' lang='lat' dir='ltr'><strong>iu·</strong></span> 
     </span>
     <span class='ocr_line' id='line_1_72' title="bbox 1061 4755 1932 4830; baseline -0.002 -16"><span class='ocrx_word' id='word_1_607' title='bbox 1061 4756 1153 4814; x_wconf 88' lang='lat' dir='ltr'><strong>dicare</strong></span> <span class='ocrx_word' id='word_1_608' title='bbox 1176 4765 1310 4830; x_wconf 90' lang='lat' dir='ltr'><strong>possunt,</strong></span> <span class='ocrx_word' id='word_1_609' title='bbox 1330 4755 1383 4813; x_wconf 89' lang='lat' dir='ltr'><strong>boc</strong></span> <span class='ocrx_word' id='word_1_610' title='bbox 1403 4756 1512 4828; x_wconf 87' lang='lat' dir='ltr'><strong>estqui</strong></span> <span class='ocrx_word' id='word_1_611' title='bbox 1532 4755 1649 4812; x_wconf 86' lang='lat' dir='ltr'><strong>scientia</strong></span> <span class='ocrx_word' id='word_1_612' title='bbox 1669 4755 1876 4828; x_wconf 89' lang='lat' dir='ltr'><strong>Scripturarum</strong></span> <span class='ocrx_word' id='word_1_613' title='bbox 1903 4763 1932 4812; x_wconf 89' lang='lat' dir='ltr'><strong>et</strong></span> 
     </span>
     <span class='ocr_line' id='line_1_73' title="bbox 1061 4843 1932 4921; baseline -0.002 -17"><span class='ocrx_word' id='word_1_614' title='bbox 1061 4845 1210 4921; x_wconf 85' lang='lat' dir='ltr'><strong>prudentia</strong></span> <span class='ocrx_word' id='word_1_615' title='bbox 1222 4845 1370 4914; x_wconf 68' lang='lat' dir='ltr'><strong>salomaei</strong></span> <span class='ocrx_word' id='word_1_616' title='bbox 1382 4843 1496 4902; x_wconf 82' lang='lat' dir='ltr'><strong>undem</strong></span> <span class='ocrx_word' id='word_1_617' title='bbox 1510 4843 1623 4916; x_wconf 75' lang='lat' dir='ltr'><strong>regulae</strong></span> <span class='ocrx_word' id='word_1_618' title='bbox 1635 4847 1809 4917; x_wconf 86' lang='lat' dir='ltr'><strong>conscriptae</strong></span> <span class='ocrx_word' id='word_1_619' title='bbox 1820 4860 1852 4902; x_wconf 86' lang='lat' dir='ltr'><strong>ex</strong></span> <span class='ocrx_word' id='word_1_620' title='bbox 1865 4859 1932 4902; x_wconf 87' lang='lat' dir='ltr'><strong>oon-</strong></span> 
     </span>
     <span class='ocr_line' id='line_1_74' title="bbox 1059 4932 1931 5010; baseline -0.003 -13"><span class='ocrx_word' id='word_1_621' title='bbox 1059 4953 1144 4998; x_wconf 87' lang='lat' dir='ltr'><strong>sensn</strong></span> <span class='ocrx_word' id='word_1_622' title='bbox 1164 4935 1279 4994; x_wconf 87' lang='lat' dir='ltr'><strong>maioris</strong></span> <span class='ocrx_word' id='word_1_623' title='bbox 1296 4936 1384 5010; x_wconf 85' lang='lat' dir='ltr'><strong>partis</strong></span> <span class='ocrx_word' id='word_1_624' title='bbox 1406 4935 1507 4994; x_wconf 86' lang='lat' dir='ltr'><strong>borum</strong></span> <span class='ocrx_word' id='word_1_625' title='bbox 1531 4932 1678 4994; x_wconf 87' lang='lat' dir='ltr'><strong>doctorum</strong></span> <span class='ocrx_word' id='word_1_626' title='bbox 1702 4942 1763 4993; x_wconf 88' lang='lat' dir='ltr'><strong>tuto</strong></span> <span class='ocrx_word' id='word_1_627' title='bbox 1781 4951 1798 4993; x_wconf 90' lang='lat' dir='ltr'><strong>a</strong></span> <span class='ocrx_word' id='word_1_628' title='bbox 1818 4949 1931 4994; x_wconf 87' lang='lat' dir='ltr'><strong>summo</strong></span> 
     </span>
     <span class='ocr_line' id='line_1_75' title="bbox 1057 5023 1930 5099; baseline -0.005 -15"><span class='ocrx_word' id='word_1_629' title='bbox 1057 5026 1193 5084; x_wconf 82' lang='lat' dir='ltr'><strong>Pantilius</strong></span> <span class='ocrx_word' id='word_1_630' title='bbox 1209 5023 1356 5099; x_wconf 88' lang='lat' dir='ltr'><strong>approbari</strong></span> <span class='ocrx_word' id='word_1_631' title='bbox 1371 5032 1498 5098; x_wconf 88' lang='lat' dir='ltr'><strong>possent;</strong></span> <span class='ocrx_word' id='word_1_632' title='bbox 1513 5039 1602 5097; x_wconf 87' lang='lat' dir='ltr'><strong>neque</strong></span> <span class='ocrx_word' id='word_1_633' title='bbox 1617 5031 1690 5080; x_wconf 73' lang='lat' dir='ltr'><strong>emet</strong></span> <span class='ocrx_word' id='word_1_634' title='bbox 1705 5023 1853 5098; x_wconf 83' lang='lat' dir='ltr'><strong>indignum</strong></span> <span class='ocrx_word' id='word_1_635' title='bbox 1873 5041 1930 5080; x_wconf 90' lang='lat' dir='ltr'><strong>ma·</strong></span> 
     </span>
     <span class='ocr_line' id='line_1_76' title="bbox 1057 5113 1929 5189; baseline -0.007 -13"><span class='ocrx_word' id='word_1_636' title='bbox 1057 5117 1155 5176; x_wconf 87' lang='lat' dir='ltr'><strong>iestate</strong></span> <span class='ocrx_word' id='word_1_637' title='bbox 1173 5116 1248 5184; x_wconf 88' lang='lat' dir='ltr'><strong>eius,</strong></span> <span class='ocrx_word' id='word_1_638' title='bbox 1266 5116 1289 5174; x_wconf 91' lang='lat' dir='ltr'><strong>si</strong></span> <span class='ocrx_word' id='word_1_639' title='bbox 1309 5116 1370 5189; x_wconf 90' lang='lat' dir='ltr'><strong>ipso</strong></span> <span class='ocrx_word' id='word_1_640' title='bbox 1390 5122 1533 5188; x_wconf 86' lang='lat' dir='ltr'><strong>praesente</strong></span> <span class='ocrx_word' id='word_1_641' title='bbox 1551 5122 1579 5172; x_wconf 90' lang='lat' dir='ltr'><strong>et</strong></span> <span class='ocrx_word' id='word_1_642' title='bbox 1599 5113 1788 5187; x_wconf 77' lang='lat' dir='ltr'><strong>praesidente,</strong></span> <span class='ocrx_word' id='word_1_643' title='bbox 1805 5115 1929 5185; x_wconf 84' lang='lat' dir='ltr'><strong>Congre-</strong></span> 
     </span>
     <span class='ocr_line' id='line_1_77' title="bbox 1057 5201 1927 5280; baseline -0.009 -16"><span class='ocrx_word' id='word_1_644' title='bbox 1057 5206 1133 5280; x_wconf 83' lang='lat' dir='ltr'><strong>gatio</strong></span> <span class='ocrx_word' id='word_1_645' title='bbox 1152 5204 1291 5278; x_wconf 58' lang='lat' dir='ltr'><strong>massalis</strong></span> <span class='ocrx_word' id='word_1_646' title='bbox 1312 5203 1400 5262; x_wconf 88' lang='lat' dir='ltr'><strong>semel</strong></span> <span class='ocrx_word' id='word_1_647' title='bbox 1418 5201 1618 5260; x_wconf 70' lang='lat' dir='ltr'><strong>,celebraretur</strong></span> <span class='ocrx_word' id='word_1_648' title='bbox 1642 5201 1758 5274; x_wconf 78' lang='lat' dir='ltr'><strong>Regalis</strong></span> <span class='ocrx_word' id='word_1_649' title='bbox 1776 5209 1870 5258; x_wconf 87' lang='lat' dir='ltr'><strong>autern</strong></span> <span class='ocrx_word' id='word_1_650' title='bbox 1891 5201 1927 5257; x_wconf 89' lang='lat' dir='ltr'><strong>ita</strong></span> 
     </span>
     <span class='ocr_line' id='line_1_78' title="bbox 1055 5287 1929 5370; baseline -0.011 -16"><span class='ocrx_word' id='word_1_651' title='bbox 1055 5297 1235 5370; x_wconf 83' lang='lat' dir='ltr'><strong>praescriptis</strong></span> <span class='ocrx_word' id='word_1_652' title='bbox 1250 5293 1330 5353; x_wconf 87' lang='lat' dir='ltr'><strong>labor</strong></span> <span class='ocrx_word' id='word_1_653' title='bbox 1343 5291 1523 5366; x_wconf 78' lang='lat' dir='ltr'><strong>castigandae</strong></span> <span class='ocrx_word' id='word_1_654' title='bbox 1537 5291 1672 5366; x_wconf 79' lang='lat' dir='ltr'><strong>vulgatas</strong></span> <span class='ocrx_word' id='word_1_655' title='bbox 1686 5287 1818 5348; x_wconf 88' lang='lat' dir='ltr'><strong>editionis</strong></span> <span class='ocrx_word' id='word_1_656' title='bbox 1832 5289 1929 5362; x_wconf 90' lang='lat' dir='ltr'><strong>paucis</strong></span> 
     </span>
    </p>
   </div>
   <div class='ocr_carea' id='block_1_7' title="bbox 1051 5377 1930 5456">
    <p class='ocr_par' dir='ltr' id='par_1_7' title="bbox 1051 5377 1930 5456">
     <span class='ocr_line' id='line_1_79' title="bbox 1051 5377 1930 5456; baseline -0.014 -12"><span class='ocrx_word' id='word_1_657' title='bbox 1051 5386 1220 5444; x_wconf 82' lang='lat' dir='ltr'><strong>&#39;bominibus</strong></span> <span class='ocrx_word' id='word_1_658' title='bbox 1243 5386 1329 5443; x_wconf 90' lang='lat' dir='ltr'><strong>trium</strong></span> <span class='ocrx_word' id='word_1_659' title='bbox 1354 5383 1516 5456; x_wconf 85' lang='lat' dir='ltr'><strong>linguarum</strong></span> <span class='ocrx_word' id='word_1_660' title='bbox 1541 5382 1701 5455; x_wconf 80' lang='lat' dir='ltr'><strong>cognitione</strong></span> <span class='ocrx_word' id='word_1_661' title='bbox 1724 5377 1930 5454; x_wconf 87' lang='lat' dir='ltr'><strong>praestantibus</strong></span> 
     </span>
    </p>
   </div>
   <div class='ocr_carea' id='block_1_8' title="bbox 1055 5463 1932 5970">
    <p class='ocr_par' dir='ltr' id='par_1_8' title="bbox 1056 5463 1930 5546">
     <span class='ocr_line' id='line_1_80' title="bbox 1056 5463 1930 5546; baseline -0.014 -14"><span class='ocrx_word' id='word_1_662' title='bbox 1056 5472 1276 5532; x_wconf 89' lang='lat' dir='ltr'><strong>committendus</strong></span> <span class='ocrx_word' id='word_1_663' title='bbox 1287 5480 1375 5542; x_wconf 88' lang='lat' dir='ltr'><strong>esset,</strong></span> <span class='ocrx_word' id='word_1_664' title='bbox 1386 5473 1435 5546; x_wconf 91' lang='lat' dir='ltr'><strong>qui</strong></span> <span class='ocrx_word' id='word_1_665' title='bbox 1450 5471 1525 5529; x_wconf 80' lang='lat' dir='ltr'><strong>brevi</strong></span> <span class='ocrx_word' id='word_1_666' title='bbox 1534 5514 1543 5540; x_wconf 94' lang='lat'><strong>,</strong></span> <span class='ocrx_word' id='word_1_667' title='bbox 1552 5479 1629 5542; x_wconf 88' lang='lat' dir='ltr'><strong>tuto,</strong></span> <span class='ocrx_word' id='word_1_668' title='bbox 1639 5479 1668 5528; x_wconf 91' lang='lat' dir='ltr'><strong>et</strong></span> <span class='ocrx_word' id='word_1_669' title='bbox 1680 5485 1782 5542; x_wconf 83' lang='lat' dir='ltr'><strong>magno</strong></span> <span class='ocrx_word' id='word_1_670' title='bbox 1794 5483 1858 5523; x_wconf 89' lang='lat' dir='ltr'><strong>curn</strong></span> <span class='ocrx_word' id='word_1_671' title='bbox 1871 5463 1930 5521; x_wconf 88' lang='lat' dir='ltr'><strong>iru-</strong></span> 
     </span>
    </p>

    <p class='ocr_par' dir='ltr' id='par_1_9' title="bbox 1057 5551 1929 5638">
     <span class='ocr_line' id='line_1_81' title="bbox 1057 5551 1929 5638; baseline -0.016 -17"><span class='ocrx_word' id='word_1_672' title='bbox 1057 5573 1104 5622; x_wconf 87' lang='lat' dir='ltr'><strong>ctu</strong></span> <span class='ocrx_word' id='word_1_673' title='bbox 1121 5577 1191 5638; x_wconf 87' lang='lat' dir='ltr'><strong>opus</strong></span> <span class='ocrx_word' id='word_1_674' title='bbox 1209 5571 1381 5635; x_wconf 74' lang='lat' dir='ltr'><strong>peragerent.</strong></span> <span class='ocrx_word' id='word_1_675' title='bbox 1398 5559 1494 5634; x_wconf 85' lang='lat' dir='ltr'><strong>Neque</strong></span> <span class='ocrx_word' id='word_1_676' title='bbox 1508 5569 1583 5620; x_wconf 86' lang='lat' dir='ltr'><strong>esset</strong></span> <span class='ocrx_word' id='word_1_677' title='bbox 1598 5558 1786 5618; x_wconf 72' lang='lat' dir='ltr'><strong>necmsariurn</strong></span> <span class='ocrx_word' id='word_1_678' title='bbox 1802 5553 1838 5613; x_wconf 91' lang='lat' dir='ltr'><strong>ad</strong></span> <span class='ocrx_word' id='word_1_679' title='bbox 1855 5551 1929 5609; x_wconf 92' lang='lat' dir='ltr'><strong>iudi·</strong></span> 
     </span>
    </p>

    <p class='ocr_par' dir='ltr' id='par_1_10' title="bbox 1055 5645 1930 5713">
     <span class='ocr_line' id='line_1_82' title="bbox 1055 5645 1930 5713; baseline -0.015 -1"><span class='ocrx_word' id='word_1_680' title='bbox 1055 5656 1131 5713; x_wconf 88' lang='lat' dir='ltr'><strong>cium</strong></span> <span class='ocrx_word' id='word_1_681' title='bbox 1141 5651 1599 5712; x_wconf 81' lang='lat' dir='ltr'><strong>Universitatumemendationem</strong></span> <span class='ocrx_word' id='word_1_682' title='bbox 1607 5645 1930 5710; x_wconf 70' lang='lat' dir='ltr'><strong>Bibliorumreienaast</strong></span> 
     </span>
    </p>

    <p class='ocr_par' dir='ltr' id='par_1_11' title="bbox 1057 5735 1932 5817">
     <span class='ocr_line' id='line_1_83' title="bbox 1057 5735 1932 5817; baseline -0.016 -15"><span class='ocrx_word' id='word_1_683' title='bbox 1057 5745 1081 5802; x_wconf 88' lang='lat' dir='ltr'><strong>si</strong></span> <span class='ocrx_word' id='word_1_684' title='bbox 1096 5743 1168 5802; x_wconf 89' lang='lat' dir='ltr'><strong>iorte</strong></span> <span class='ocrx_word' id='word_1_685' title='bbox 1178 5744 1209 5800; x_wconf 94' lang='lat' dir='ltr'><strong>in</strong></span> <span class='ocrx_word' id='word_1_686' title='bbox 1222 5751 1366 5817; x_wconf 87' lang='lat' dir='ltr'><strong>posterum</strong></span> <span class='ocrx_word' id='word_1_687' title='bbox 1378 5739 1487 5816; x_wconf 86' lang='lat' dir='ltr'><strong>aliquid</strong></span> <span class='ocrx_word' id='word_1_688' title='bbox 1500 5738 1697 5812; x_wconf 78' lang='lat' dir='ltr'><strong>corrigendum</strong></span> <span class='ocrx_word' id='word_1_689' title='bbox 1709 5737 1738 5791; x_wconf 93' lang='lat' dir='ltr'><strong>in</strong></span> <span class='ocrx_word' id='word_1_690' title='bbox 1751 5735 1853 5808; x_wconf 84' lang='lat' dir='ltr'><strong>Bibliis</strong></span> <span class='ocrx_word' id='word_1_691' title='bbox 1865 5737 1932 5789; x_wconf 75' lang='lat' dir='ltr'><strong>irre</strong></span> 
     </span>
    </p>

    <p class='ocr_par' dir='ltr' id='par_1_12' title="bbox 1057 5823 1930 5970">
     <span class='ocr_line' id='line_1_84' title="bbox 1057 5823 1930 5910; baseline -0.021 -17"><span class='ocrx_word' id='word_1_692' title='bbox 1057 5837 1180 5910; x_wconf 88' lang='lat' dir='ltr'><strong>paret‚in</strong></span> <span class='ocrx_word' id='word_1_693' title='bbox 1193 5843 1443 5908; x_wconf 83' lang='lat' dir='ltr'><strong>promptaessarex</strong></span> <span class='ocrx_word' id='word_1_694' title='bbox 1451 5831 1628 5908; x_wconf 88' lang='lat' dir='ltr'><strong>praescriptis</strong></span> <span class='ocrx_word' id='word_1_695' title='bbox 1637 5825 1742 5902; x_wconf 84' lang='lat' dir='ltr'><strong>regulis</strong></span> <span class='ocrx_word' id='word_1_696' title='bbox 1752 5823 1930 5908; x_wconf 58' lang='lat' dir='ltr'><strong>castigatius</strong></span> 
     </span>
     <span class='ocr_line' id='line_1_85' title="bbox 1711 5925 1732 5970; baseline 0 0"><span class='ocrx_word' id='word_1_697' title='bbox 1711 5925 1732 5970; x_wconf 75' lang='lat' dir='ltr'><strong>s</strong></span> 
     </span>
    </p>
   </div>
   <div class='ocr_carea' id='block_1_9' title="bbox 0 0 2406 6692">
    <p class='ocr_par' dir='ltr' id='par_1_13' title="bbox 0 0 2406 6692">
     <span class='ocr_line' id='line_1_86' title="bbox 0 0 2406 6692; baseline 0 1"><span class='ocrx_word' id='word_1_698' title='bbox 0 0 2406 6692; x_wconf 95' lang='lat' dir='ltr'><strong> </strong></span> 
     </span>
    </p>
   </div>
  </div>
 </body>
</html>
