4804 6692
881 523 1199 608 etotaoouata
1865 519 1949 594 XXV

141 699 234 764 ante
261 709 413 762 annum
433 676 754 760 trotxxxvu.
778 678 1008 760 absolutum
1034 677 1173 772 fuerit,
1199 673 1364 756 biennio
1389 671 1536 753 scilicet
1558 685 1647 777 post
1670 669 1825 752 obitum
1847 670 1949 757 Gre-

140 807 245 914 gorii
273 805 382 886 Xlll.
406 803 550 912 Sicque
578 802 749 898 factum,
775 818 822 884 ut
851 800 964 908 quod
994 800 1215 884 Cardinalis
1246 798 1388 880 Peretti
1415 795 1581 878 consilio
1614 811 1843 903 susceptum
1868 798 1949 905 pri·

136 957 252 1010 mum
278 928 427 1022 uerat,
451 925 628 1008 eiusdem
655 927 734 1008 iam
759 927 962 1009 Pontificis
986 927 1147 1008 Maximi
1171 923 1404 1006 auctoritate
1430 919 1717 1028 publicaretur.
1746 918 1949 1000 Narratio·

140 1053 205 1134 nis
231 1053 413 1136 ordinem
441 1079 491 1132 ex
518 1077 641 1160 opere
673 1050 855 1158 impenso
887 1050 1036 1134 directe
1068 1051 1173 1130 circa
1199 1047 1411 1152 Vulgatam
1438 1045 1598 1126 latinam
1627 1059 1865 1150 repetamus.

976 1233 1012 1332 S.
1040 1225 1109 1308 lV.

249 1389 427 1470 Initium
451 1387 715 1472 Correctionir
731 1389 938 1472 Siatinoe.
960 1393 1242 1470 Instrumenta
1264 1387 1322 1467 nd
1340 1387 1450 1467 bono
1472 1385 1617 1466 idonea
1638 1383 1839 1466 adhibito.

248 1549 455 1658 Expeditis
478 1551 553 1632 iam
577 1578 680 1659 quae
701 1549 755 1634 ad
777 1577 956 1656 graecam
980 1551 1086 1632 illam
1111 1549 1325 1633 editionem
1354 1548 1625 1631 adornandam
1652 1549 1946 1655 pertinuerant,

140 1701 250 1754 anno
277 1673 456 1754 secundo
483 1675 738 1782 pontificatus
763 1673 863 1754 Sixti
893 1673 973 1770 V.,
1005 1677 1076 1784 qui
1105 1675 1290 1784 proxime
1316 1674 1515 1780 Gregorio
1541 1672 1650 1751 Xlll.
1680 1685 1945 1763 successerat,

140 1799 346 1906 negotium
365 1800 510 1880 latinae
528 1799 721 1905 Vulgatac
740 1817 986 1908 resumptum
1003 1800 1079 1879 luit
1097 1801 1138 1878 in
1160 1798 1326 1881 aedibus
1346 1795 1568 1878 Cardinalis
1586 1795 1767 1890 Carafae,
1785 1809 1949 1902 urgente

140 1923 183 2001 in
213 1925 352 2032 primis
377 1922 513 2019 Sixto,
539 1925 605 2003 cui
631 1922 746 2003 valde
773 1922 885 2002 cordi
915 1940 1020 2018 erat,
1049 1940 1095 2002 ut
1128 1949 1249 2030 quam
1282 1924 1400 2002 citius
1431 1921 1482 2002 ad
1514 1921 1633 2002 linem
1668 1919 1946 2001 adduceretur.

138 2047 408 2156 Congregatio
437 2049 572 2156 itaque
592 2049 696 2127 circa
726 2049 881 2127 initium
906 2047 1001 2127 anni
1021 2045 1383 2144 MDLXXXVlll.,
1409 2063 1514 2128 certe
1540 2075 1623 2128 non
1650 2045 1782 2154 prius,
1803 2043 1857 2123 ob
1885 2071 1950 2124 su·

137 2170 277 2278 perius
302 2170 515 2254 adductam
541 2171 755 2270 rationem,
782 2201 925 2252 manus
952 2173 1065 2280 operi
1090 2169 1285 2268 admovit;
1308 2173 1470 2252 interest
1497 2196 1670 2277 namque
1695 2183 1740 2248 ut
1761 2169 1950 2276 temporis

139 2297 243 2374 ratio
267 2295 401 2404 aliqua
425 2295 638 2391 habeatur,
662 2322 745 2403 quo
769 2298 915 2374 rectius
935 2321 1001 2390 ea,
1024 2321 1128 2402 quae
1151 2293 1298 2373 dicturi
1321 2319 1455 2373 sumus
1476 2293 1761 2400 intelligantur.
1783 2291 1950 2370 lacobus

137 2419 305 2529 quidem
326 2419 380 2500 le
399 2419 534 2526 Long,
555 2448 602 2500 ac
624 2423 793 2528 Prosper
814 2417 1050 2514 lllarchand,
1073 2417 1139 2498 ille
1161 2419 1202 2498 in
1221 2417 1474 2498 Bibliotheca
1490 2445 1624 2512 sacro,
1650 2418 1715 2496 hic
1737 2417 1779 2496 in
1802 2419 1950 2500 Amoe-

138 2545 343 2624 nitatibus
371 2543 580 2623 litterariis·
602 2562 829 2640 autumant,
854 2545 931 2623 boc
959 2545 1049 2650 ipso
1077 2571 1184 2622 auno
1209 2544 1369 2622 latinam
1394 2542 1604 2649 Vulgatam
1633 2571 1656 2622 a
1682 2541 1795 2622 Sixto
1819 2567 1950 2622 corre-

138 2685 244 2748 ctam
268 2667 405 2778 praelo
429 2667 646 2747 subiectam
669 2683 791 2776 atque
809 2667 954 2748 editam
974 2668 1114 2764 fuisse,
1138 2666 1364 2748 huiusmodi
1385 2665 1475 2748 freti
1494 2666 1736 2747 rationibus:
1759 2666 1950 2746 constitu·

138 2791 196 2872 tio
227 2819 252 2872 a
281 2790 395 2870 Sixto
415 2787 466 2870 V.
489 2792 583 2872 huic
610 2787 775 2872 editioni
798 2791 973 2899 praelixa
1003 2791 1094 2872 data
1122 2792 1199 2872 fuit
1225 2820 1333 2874 anno
1362 2789 1687 2887 MDLXXXIX„
1708 2821 1799 2871 cum
1825 2817 1949 2899 porro

136 2914 307 3020 legerint
324 2912 435 3021 apud
453 2913 649 3020 Angelum
669 2915 854 3007 lloccam,
873 2914 1102 2994 Pontificem
1124 2917 1310 2995 universa
1328 2914 1394 2994 illa
1410 2913 1539 2995 Biblia
1558 2941 1631 3022 per
1648 2942 1690 2994 se
1708 2915 1838 3022 ipsum
1857 2930 1950 2994 ante

137 3037 437 3146 impressionem
461 3037 723 3136 examinasse,
750 3066 970 3152 rursusque
997 3039 1226 3147 impressam
1253 3037 1304 3120 de
1332 3039 1486 3146 integro
1513 3039 1747 3148 perlegisse,
1776 3065 1951 3150 sumpse·

137 3177 254 3256 runt,
282 3161 402 3240 unius
425 3161 521 3242 anni
548 3162 720 3268 spatium
744 3161 868 3241 veluti
891 3164 1156 3242 necessarium
1179 3161 1230 3242 ad
1255 3163 1509 3245 haecomnia
1533 3159 1789 3269 praestanda,
1815 3179 1854 3242 et
1874 3189 1950 3269 pro

137 3285 426 3365 constitutione
449 3283 722 3364 elucubranda
745 3303 784 3364 et
804 3285 969 3367 edenda.
994 3285 1206 3394 Speciatim
1228 3315 1324 3366 vero
1344 3285 1560 3366 Marchand
1582 3313 1604 3365 a
1623 3285 1754 3366 verbis
1775 3284 1950 3366 eiusdem

137 3409 439 3491 constitutionis
461 3409 516 3488 ita
538 3425 858 3516 argumentatur:
881 3411 1065 3518 queritur
1087 3411 1144 3492 ibi
1167 3407 1321 3508 Sixtus,
1342 3440 1365 3492 a
1386 3411 1546 3492 decreto
1567 3411 1725 3492 concilii
1744 3409 1950 3492 tridentini

136 3560 268 3613 annos
294 3534 372 3613 iam
394 3533 638 3639 vigintiduos
666 3533 952 3632 interfluxisse,
976 3535 1076 3642 quin
1104 3534 1224 3613 buius
1250 3534 1538 3616 emendationis
1565 3536 1767 3642 negotium
1790 3533 1841 3615 ad
1869 3537 1950 3615 exi·

135 3672 223 3735 turn
244 3656 366 3736 fuerit
386 3655 646 3765 perductum;
670 3658 783 3766 atqui
804 3661 900 3738 anni
923 3657 1146 3765 vigintiduo
1170 3688 1192 3739 a
1215 3658 1489 3768 publicatione
1514 3656 1763 3740 decretorum
1790 3659 1947 3739 concilii

135 3778 327 3863 desinunt
345 3782 386 3860 in
405 3811 557 3862 annum
575 3782 884 3881 MDLXXXV.;
906 3784 984 3864 hoc
1004 3784 1125 3890 igitur
1150 3812 1279 3879 anno,
1304 3785 1421 3863 tertio
1442 3785 1590 3864 scilicet
1609 3801 1703 3863 ante
1725 3784 1950 3892 impressio·

136 3933 249 4004 nem,
275 3906 481 3987 concludit
509 3909 618 4016 ipse,
645 3910 790 4015 corrigi
818 3927 960 4018 coepta
988 3927 1044 3988 est
1069 3909 1254 4018 Vulgata.
1283 3911 1388 3988 Dant
1412 3911 1547 4017 itaque
1568 3909 1782 3992 triennium
1806 3926 1846 3989 et
1869 3937 1949 3988 am-

134 4029 244 4137 plius
270 4033 508 4112 correctioni
536 4050 656 4140 atque
685 4033 956 4142 impressioni,
984 4032 1192 4114 biennium
1222 4063 1319 4114 vero
1347 4035 1505 4114 circiter
1532 4033 1751 4114 recensioni
1782 4061 1805 4112 a
1835 4031 1948 4113 Sixto

134 4153 264 4234 factae
282 4183 363 4234 una
381 4183 471 4234 cum
491 4183 584 4236 suae
603 4158 898 4238 constitutionis
920 4158 1192 4266 evulgatione‚
1216 4176 1259 4239 ut
1278 4157 1328 4240 ad
1352 4185 1502 4238 annum
1527 4156 1738 4238 deveniant
1758 4156 1944 4251 lllDXC.,

136 4305 221 4388 quo
248 4277 375 4359 Biblia
403 4280 546 4361 sixtina
574 4279 828 4390 prodierunt.
853 4279 931 4362 Sed
957 4279 1056 4364 salso
1078 4284 1195 4366 iidem
1226 4285 1527 4366 ratiocinantur.
1554 4283 1669 4362 Enim
1698 4309 1793 4362 vero
1816 4279 1948 4364 Sixtus

135 4429 183 4484 ex
208 4407 293 4485 una
318 4423 430 4512 parte
461 4407 605 4502 voluit,
632 4422 678 4486 ut
704 4436 825 4516 supra
848 4407 1040 4504 vidimus,
1067 4408 1425 4516 Congregationem
1451 4437 1474 4486 a
1499 4435 1542 4486 se
1568 4406 1821 4487 constitutam
1847 4405 1947 4488 duo·

136 4527 214 4608 bus
236 4530 441 4637 prioribus
464 4532 525 4610 sui
544 4532 799 4640 pontificatus
817 4534 932 4612 annis
949 4533 1207 4643 Septuaginta
1226 4537 1487 4644 interpretum
1511 4530 1675 4611 editioni
1696 4531 1943 4630 incumbere;

134 4680 181 4732 ex
204 4654 282 4734 alia
301 4654 383 4761 ipse
408 4683 491 4762 quo
515 4672 694 4764 ternpore
712 4653 834 4736 latina
856 4655 984 4738 Biblia
1003 4676 1116 4740 erant
1139 4659 1217 4740 sub
1241 4659 1398 4770 praelo,
1420 4656 1534 4737 simul
1558 4655 1830 4738 constitutioni
1854 4683 1948 4736 suae

135 4779 448 4859 conscribendae
471 4807 634 4888 operam
658 4781 799 4879 dabat,
820 4781 932 4889 quod
961 4782 1086 4864 fusius
1108 4801 1247 4890 postea
1270 4783 1555 4890 explicabitur,
1577 4782 1691 4861 novis
1712 4778 1872 4888 fideque
1895 4779 1948 4859 di·

135 4902 225 5008 gnis
247 4903 515 4982 monumentis
538 4901 734 4984 adductis.
759 4908 920 4986 Corruit
941 4935 1036 5014 ergo
1060 4909 1171 5016 prior
1193 4906 1364 4988 adducta
1394 4908 1510 4988 ratio.
1537 4907 1649 4986 Circa
1674 4905 1834 4984 alteram
1860 4907 1947 4983 'ani-

136 5024 487 5126 madvertendum,
513 5057 640 5108 annos
663 5029 909 5135 vigintiduos
928 5060 950 5109 a
966 5029 1080 5110 Sixto
1103 5035 1313 5141 supputari
1334 5061 1417 5112 non
1438 5030 1635 5140 usquead
1654 5047 1836 5136 coeptam
1860 5058 1946 5110 cor·

136 5151 373 5247 rectionem,
399 5179 536 5232 verum
561 5153 696 5234 adsui
725 5155 981 5264 pontificatus
1009 5155 1240 5255 exordium3
1268 5158 1317 5238 ad
1339 5185 1459 5270 quem
1480 5173 1525 5235 ut
1547 5157 1717 5266 primum
1742 5155 1943 5263 pervenit,

135 5273 266 5351 statim
296 5273 405 5354 illum
434 5277 622 5384 cogitasse
650 5276 700 5358 de
728 5279 805 5360 hoc
833 5309 956 5362 onere
983 5278 1238 5390 adimplendo
1266 5300 1346 5363 tam
1375 5307 1511 5360 verum
1541 5295 1618 5374 est,
1647 5307 1766 5385 quam
1793 5294 1851 5357 est
1877 5275 1945 5358 fal-

136 5423 225 5474 sum
252 5426 358 5505 opus
384 5399 490 5480 illico
518 5419 744 5508 susceptum
774 5404 907 5484 fuisse.
1440 5501 1444 5510 .

243 5527 499 5632 Praeceperat
525 5525 661 5605 Sixtus
685 5525 737 5602 V.
764 5543 809 5606 ut
829 5531 1156 5636 congregationes
1182 5529 1428 5611 haberentur
1456 5528 1566 5637 apud
1596 5527 1845 5610 Cardinalem
1874 5523 1945 5600 Ca-

137 5645 262 5726 rafam
288 5651 431 5757 (Ang.
452 5651 606 5746 Becco,
644 5654 753 5760 Opp.
776 5670 873 5730 tom.
896 5683 936 5732 2.
957 5683 1003 5760 p.
1028 5653 1119 5736 355.
1135 5655 1170 5759 ),
1200 5655 1270 5762 qui
1298 5656 1559 5736 instrumenta
1587 5653 1731 5733 idonea
1759 5649 1809 5731 ad
1837 5646 1946 5726 criti·

137 5801 224 5852 cam
245 5776 496 5856 collationem
519 5795 739 5886 paraverat.
764 5778 886 5856 Erant
910 5779 1123 5887 praecipue
1146 5782 1409 5888 manuscripti
1433 5779 1591 5860 codices
1613 5777 1783 5857 melioris
1805 5787 1942 5870 notae;

138 5924 188 5977 ex
217 5899 278 5982 bis
301 5901 509 6009 specialem
538 5903 802 6006 mentionem,
829 5919 986 6011 praeter
1014 5905 1142 5990 varios
1170 5907 1372 5986 vaticanae
1399 5903 1686 5996 bibliothecae,
1717 5913 1942 5982 merentur:

334 6035 416 6109 ros.
440 6035 466 6106 l.
1729 6030 1752 6104 d
