4726 6672
859 651 1223 754 nummum*

690 923 735 983 tn
764 923 1046 996 SEQUENTEM
1070 924 1374 988 xerxnhtcult.

902 1153 1164 1206 W

110 1453 115 1482 r
226 1417 261 1487 ln
279 1424 514 1506 hieronymiana
529 1419 728 1488 Pentateuchi
747 1422 994 1504 interpretatione
1012 1418 1190 1484 illustranda
1208 1420 1389 1494 industriam
1406 1429 1544 1486 nostram
1562 1439 1597 1488 ac
1618 1421 1757 1488 lahorem
1769 1423 1830 1488 hoc
1845 1424 1929 1490 volu·

144 1531 230 1596 mine
249 1530 472 1612 expromimus;
487 1537 517 1592 at
532 1546 589 1612 pro
609 1544 690 1592 nexu
710 1545 773 1612 quo
788 1528 866 1592 haec
885 1545 958 1591 cum
980 1529 1092 1603 veteri,
1107 1544 1202 1610 quam
1224 1528 1391 1610 appellant,
1406 1525 1479 1592 ltala
1500 1529 1657 1608 cohaeret,
1673 1525 1740 1595 fleri
1760 1533 1880 1614 nequit,
1895 1541 1930 1594 ut

144 1637 221 1700 dum
240 1653 337 1700 unam
359 1636 498 1700 excolere
519 1646 611 1718 atque
631 1635 782 1717 perpolite
802 1633 929 1696 nitimur
949 1636 980 1696 in
1004 1633 1132 1697 alteram
1152 1651 1244 1714 saepe
1263 1651 1325 1697 non
1350 1633 1550 1699 offendamus.
1572 1633 1651 1700 Nam
1672 1637 1729 1699 etsi
1750 1633 1926 1717 Hieronymi

144 1759 236 1824 opus,
253 1749 357 1823 utpote
374 1737 456 1826 quod
473 1758 511 1804 ex
527 1741 672 1805 hebraica
688 1739 818 1802 veritate
830 1739 913 1804 haud
929 1739 1088 1803 invenuste
1103 1739 1259 1821 profluxit,
1276 1748 1309 1803 ut
1325 1741 1493 1822 plurimum
1512 1751 1575 1806 toto
1592 1742 1679 1807 caelo
1700 1743 1929 1807 disterminetur

146 1847 185 1910 ab
205 1845 280 1910 ltala
295 1863 332 1910 ex
350 1864 462 1926 graeco
478 1847 517 1909 ad
533 1846 667 1910 litteram
688 1846 840 1924 derivata;
857 1863 955 1928 quum
973 1855 1078 1908 tamen
1096 1847 1268 1910 iustissimis
1284 1847 1324 1911 de
1340 1847 1456 1910 caussis
1472 1841 1587 1911 Doctor
1602 1848 1756 1912 maximus
1774 1848 1928 1914 interdum

146 1955 188 2016 ita
207 1953 277 2017 stilo
297 1955 530 2034 temperaverit,
548 1963 584 2016 ut
603 1953 670 2015 eius
690 1951 908 2033 interpretandi
928 1953 1008 2015 ratio
1023 1953 1074 2014 vix
1091 1949 1129 2038 ab
1148 1953 1200 2016 illa
1220 1968 1301 2035 quae
1318 1949 1411 2017 ltalae
1425 1954 1547 2035 propria
1568 1965 1613 2017 cst
1632 1965 1824 2040 secernatur,
1841 1953 1931 2018 lihra-

145 2060 198 2124 riis
217 2068 383 2141 utramque
401 2059 685 2139 interpretationem
703 2057 904 2122 commiscere
920 2073 1053 2139 pronum
1071 2065 1147 2122 erat.
1168 2056 1228 2123 Sed
1244 2067 1275 2121 et
1294 2057 1352 2122 alla
1369 2061 1470 2139 potior
1487 2061 1696 2141 permixtionis
1714 2075 1834 2124 caussa.
1850 2057 1929 2124 llam

145 2181 243 2244 quum
263 2165 466 2246 antiquiorem
482 2164 568 2228 illam
584 2163 701 2228 iamdiu
718 2179 774 2245 per
789 2159 959 2226 Ecclesiam
975 2163 1066 2244 longe
1085 2164 1208 2246 lateque
1224 2173 1425 2246 propagatam
1441 2162 1619 2245 Hieronymi
1629 2166 1845 2247 interpretatio
1860 2181 1928 2229 serr·

144 2271 203 2334 sim
215 2269 441 2352 paullatimque
454 2270 623 2350 exceperit,
637 2269 711 2350 quid
724 2268 839 2331 mirum
859 2269 884 2330 si
902 2278 968 2331 tum
985 2274 1104 2349 patres,
1120 2275 1187 2330 tum
1205 2261 1483 2330 amanuenses‘alie
1500 2277 1591 2348 atque
1606 2267 1665 2330 alie
1682 2268 1800 2330 ratione
1815 2276 1930 2330 utram·

142 2391 206 2458 que
225 2374 470 2462 interpolarent?
491 2371 569 2439 Hinc
589 2373 677 2438 nohis
697 2373 862 2437 identidem
884 2373 1093 2436 adnotandum
1113 2371 1170 2435 fuit
1190 2371 1337 2434 nonnulla
1358 2371 1408 2434 vel
1428 2373 1459 2434 in
1480 2373 1614 2452 vulgatis
1632 2371 1802 2440 Bibliorum
1826 2389 1929 2436 exem·

142 2479 294 2561 pleribus,
309 2481 358 2544 vel
375 2481 406 2544 in
423 2481 532 2562 priscis
552 2481 690 2546 eiusdem
706 2480 819 2544 letinae
832 2479 982 2544 versionis
999 2475 1126 2541 testibus
1143 2494 1321 2554 occurrere,
1334 2494 1415 2560 quae
1435 2479 1474 2542 ad
1489 2487 1630 2542 veterem
1640 2475 1749 2542 ltalem
1761 2481 1927 2559 pertinent:

144 2587 284 2668 adeoque
305 2605 367 2650 non
387 2603 487 2670 pauca
505 2589 545 2652 ad
563 2588 645 2652 hanc
662 2587 898 2654 restaurandam
919 2585 1364 2674 recuperandamquetumex
1385 2583 1555 2662 codicibus,
1571 2593 1638 2648 tum
1656 2600 1694 2646 ex
1709 2585 1848 2666 patribus
1863 2602 1930 2666 pro

143 2693 287 2770 tulimus,
302 2710 383 2776 quae
402 2692 592 2756 laboriosum
607 2693 823 2776 eruditumque
836 2691 996 2780 Sahatierii
1009 2709 1087 2774 opus
1102 2691 1224 2772 explere
1239 2701 1336 2772 atque
1357 2691 1516 2755 cumulare
1531 2691 1680 2756 videntur.
1702 2685 1739 2754 ht
1756 2708 1830 2754 vero
1845 2707 1930 2772 prae·

143 2811 230 2864 terea
250 2800 397 2863 nonnulla
418 2800 457 2862 ad
478 2796 585 2862 balam
605 2800 798 2876 referuntur,
820 2816 900 2884 quae
925 2815 1034 2864 revera
1057 2780 1294 2879 hieronymiana
1315 2804 1396 2859 sunt.
1418 2791 1567 2880 Equidem
1591 2797 1659 2879 plus
1683 2798 1779 2863 semel
1799 2797 1931 2860 vidimus

144 2921 347 2970 amanuenses
367 2905 464 2968 immo
480 2915 509 2968 et
522 2904 729 2986 typographos
749 2904 824 2967 dum
844 2915 986 2968 veterum
1007 2905 1193 2969 documenta
1211 2901 1304 2967 ltalae
1320 2903 1503 2983 fragmentis
1520 2904 1630 2966 referta
1651 2903 1870 2982 describerent,
1884 2919 1932 2969 ex-

141 3011 238 3094 pulsis
259 3009 428 3074 Bibliorum
448 3009 566 3088 verbis,
585 3026 664 3095 quae
686 3009 745 3073 sihi
764 3010 899 3074 obsoleta
921 3011 1113 3088 viderentur,
1131 3027 1168 3074 ca
1188 3020 1306 3074 temere
1328 3009 1496 3088 suffecisse,
1517 3027 1598 3094 quae
1618 3028 1655 3074 ex
1674 3011 1805 3090 vulgatis
1825 3011 1928 3075 hiero·

143 3117 301 3196 nymianis
322 3114 425 3180 Bibliis
445 3117 597 3180 memoria
617 3115 761 3180 tenebant
781 3125 833 3179 eut
852 3133 912 3180 usu
936 3116 1181 3199 frequentabant.
1202 3112 1269 3178 Ehu
1288 3125 1363 3197 quot
1385 3116 1545 3197 praeclara
1568 3126 1707 3180 veterum
1728 3125 1929 3180 monumenta

145 3224 205 3288 hoc
225 3233 315 3305 pacto
336 3219 536 3286 labefactant
559 3217 642 3285 llaec
665 3221 791 3303 quidem
815 3221 993 3286 criticorum
1020 3223 1180 3304 ingenium
1203 3222 1373 3286 hudmhne
1395 3221 1542 3304 varieque
1566 3221 1687 3285 fortuna
1709 3231 1930 3298 exercucrtmt,

144 3331 243 3392 immo
264 3335 423 3390 vexarunt.
444 3323 523 3390 Nam
548 3327 751 3409 quandoque,
773 3326 889 3390 collatis
913 3327 1056 3406 testibus,
1076 3328 1255 3409 eisdemque
1275 3327 1314 3389 ad
1333 3328 1482 3390 trutinam
1508 3326 1737 3406 diligentissime
1762 3329 1928 3404 revocatis,

146 3451 295 3514 germano
315 3433 406 3499 lectio
425 3433 610 3516 deprehendi
626 3435 737 3514 potuit,
755 3433 944 3526 feliciterque
964 3433 1099 3498 restitui:
1117 3433 1171 3496 sed
1188 3433 1219 3496 in
1234 3432 1309 3497 locis
1328 3431 1406 3496 hene
1427 3433 1532 3496 multis
1554 3433 1653 3496 adhuc
1672 3434 1855 3510 haeremus,
1872 3451 1928 3497 no-

145 3557 246 3624 vaque
264 3541 465 3618 documenta,
485 3557 580 3624 quae,
601 3540 743 3621 dispulsis
763 3539 909 3617 tenebris,
930 3539 1034 3604 lucem
1055 3539 1192 3602 adferant
1211 3539 1445 3620 praestolamur.
1467 3535 1510 3602 Ex
1530 3556 1593 3603 una
1612 3540 1705 3618 igitur
1725 3548 1812 3621 parte
1832 3539 1928 3604 hahes

144 3647 411 3728 hieronymianam
430 3647 713 3727 interpretationem
734 3647 773 3710 ah
793 3641 867 3709 ltele
887 3645 1053 3709 identidem
1073 3644 1300 3725 interpolatam
1319 3660 1356 3708 ex
1377 3643 1436 3708 alie
1457 3654 1562 3708 autem
1584 3643 1665 3709 hane
1689 3662 1763 3709 cum
1786 3645 1838 3708 illa
1860 3662 1928 3726 per·

150 3753 295 3815 mixtam:
308 3764 440 3836 utraque
456 3769 531 3816 vcro
548 3753 687 3816 criticam
705 3767 836 3815 manum
853 3750 998 3831 requirit,
1014 3760 1145 3832 unaque
1163 3761 1307 3814 accurate
1323 3768 1380 3832 pro
1396 3751 1511 3814 viribus
1528 3750 1717 3832 expolienda.
1735 3748 1929 3834 Quapropter

147 3858 284 3942 quisquis
305 3859 482 3924 alterutram
503 3857 643 3924 excolere
664 3859 853 3940 aggreditur,
872 3858 911 3921 ab
932 3857 1027 3921 altera
1048 3857 1174 3921 omnino
1193 3855 1344 3920 abstinere
1359 3859 1474 3940 nequit.
1496 3855 1564 3921 Non
1582 3859 1761 3938 ignoramus
1777 3858 1930 3923 laudabile

145 3963 352 4044 plurimorum
373 3967 404 4027 in
424 3965 483 4030 hoc
504 3980 616 4045 genere
636 3965 790 4041 studium,
813 3964 889 4044 quin
909 3963 1007 4027 immo
1027 3972 1115 4041 grato
1137 3963 1231 4025 animi
1252 3980 1343 4026 sensu
1364 3963 1488 4026 illorum
1508 3963 1630 4028 labores
1650 3974 1681 4026 et
1702 3964 1930 4047 amplectimur,

145 4080 176 4132 et
196 4071 281 4132 viem
302 4069 389 4134 nohis
414 4069 592 4151 explanasse
614 4069 807 4150 profitemur.
828 4065 944 4133 Verum
970 4070 1040 4151 quis
1065 4085 1128 4132 non
1148 4069 1229 4131 videt
1254 4070 1285 4132 in
1311 4068 1423 4134 criticis
1443 4069 1686 4153 quaestionibus,
1708 4088 1788 4154 quae
1808 4072 1931 4135 testium

146 4173 293 4252 suffragio
312 4175 377 4240 fere
396 4174 549 4252 nituntur,
564 4192 602 4238 eo
622 4175 723 4256 magis
742 4192 798 4240 nos
818 4173 984 4256 proficere,
1001 4189 1064 4254 quo
1083 4175 1253 4255 copiosiora
1274 4173 1305 4236 in
1325 4174 1438 4253 vulgus
1458 4176 1637 4240 emittuntur
1655 4183 1795 4238 veterum
1816 4179 1929 4258 scripta

147 4280 197 4343 vel
216 4281 342 4345 tandem
362 4281 443 4346 vitiis
463 4292 647 4365 expurgata,
663 4284 713 4347 vel
733 4283 870 4363 primum
892 4299 909 4344 e
930 4281 1055 4346 latebris
1075 4278 1186 4345 muta?
1206 4279 1287 4346 Sane
1307 4281 1570 4363 quemadmodum
1586 4299 1643 4364 pro
1660 4291 1765 4346 nostra
1782 4283 1929 4346 industria

147 4395 373 4451 antecessorum
394 4387 494 4452 studia
515 4406 630 4471 augere
650 4391 835 4470 satagimus,
857 4389 899 4452 ite
918 4389 1050 4470 posteri,
1067 4389 1155 4450 novis
1175 4382 1396 4469 prodeuntibus
1417 4386 1625 4464 documentis,
1643 4397 1748 4452 nostra
1769 4389 1930 4454 cumulare

147 4501 238 4574 atque
256 4493 406 4576 perficere
428 4504 582 4577 poterunt.
604 4495 701 4576 igitur
717 4504 807 4579 prout
825 4494 1004 4560 monuimus
1023 4494 1061 4558 ad
1077 4491 1309 4558 Deuteronomii
1325 4487 1451 4570 XXXll,
1471 4495 1498 4554 f.
1512 4492 1701 4573 singularem
1716 4493 1797 4557 hanc
1814 4488 1930 4575 Appen·

145 4597 245 4662 dicem
267 4597 445 4677 adiieimus,
467 4603 499 4666 in
519 4619 581 4684 qua
601 4619 639 4664 ex
661 4600 834 4666 verecundi
857 4600 1011 4665 iuncensis
1031 4599 1165 4681 episcopi
1188 4595 1266 4682 (qui
1289 4600 1371 4664 circa
1398 4615 1514 4662 annum
1537 4595 1598 4662 DL.
1620 4598 1746 4684 domis)
1768 4615 1929 4664 commen·

146 4705 232 4768 teriia
250 4706 429 4786 nuperrime
450 4725 468 4770 a
489 4707 526 4772 cl.
546 4705 629 4772 Pitra
650 4708 739 4772 oditis
759 4708 791 4770 in
811 4717 897 4772 tomo
917 4703 967 4772 lV.
989 4701 1152 4786 Spiriteqii
1175 4705 1393 4777 solesmenses,
1414 4706 1568 4782 integrum
1589 4701 1678 4768 ldosis
1699 4705 1853 4770 caudeam
1873 4706 1928 4768 da-

145 4825 233 4888 mus;
251 4811 406 4896 aliamque
426 4813 552 4894 insuper
571 4814 710 4878 eiusdem
732 4814 842 4879 cantici
863 4814 1043 4891 lectionem,
1065 4830 1083 4876 a
1104 4811 1284 4878 blanchinio
1303 4829 1341 4876 ex
1361 4813 1523 4876 veronensi
1543 4811 1648 4876 codice
1667 4812 1825 4888 haustam,
1841 4831 1861 4876 a
1880 4829 1929 4874 re·

144 4916 236 4996 gione
255 4919 417 5001 ponimus,
437 4922 579 5004 notisque
596 4922 752 5004 perpetuis
775 4921 975 5000 indigitnmus
997 4931 1138 5004 excerpta
1160 4915 1197 4981 ex'
1220 4915 1286 4980 aliis
1307 4915 1439 4980 fontibus
1459 4927 1580 4997 praeter
1599 4933 1665 4993 ecs,
1683 4935 1768 4998 quos
1781 4917 1854 4980 adiit
1874 4916 1928 4983 Sa·

143 5022 299 5088 betierius.
322 5020 476 5108 imprimis
496 5044 571 5092 vero
595 5045 695 5110 quum
717 5023 862 5090 llahanus
885 5027 917 5089 in
943 5025 1188 5092 Commentariis
1214 5025 1248 5086 in
1273 5019 1408 5085 Cantica
1433 5039 1514 5104 qnee
1539 5021 1585 5086 ed
1606 5021 1779 5090 Matutinus
1802 5019 1928 5087 Laudes

144 5126 299 5193 dicentur
318 5129 377 5196 hoc
398 5131 554 5198 caducum
574 5149 613 5198 ex
633 5131 707 5198 ltela
728 5149 853 5216 quoque
873 5133 1060 5209 recitaverit,
1077 5133 1158 5195 illius
1175 5149 1230 5194 nos
1246 5131 1426 5210 lectionem,
1443 5133 1562 5212 quoties
1581 5150 1598 5195 a
1616 5129 1797 5197 verecundo
1814 5133 1927 5196 recedit

145 5235 330 5300 excitamus:
348 5239 419 5300 dein
439 5240 553 5305 codicis
571 5241 705 5306 vaticani
720 5241 769 5303 82.
785 5237 860 5322 (qui
881 5250 985 5304 nmen
1001 5240 1051 5303 vix
1068 5239 1168 5306 differt
1185 5237 1223 5302 eb
1237 5254 1288 5314 eo,
1304 5253 1399 5319 quem
1418 5235 1605 5303 Sabatierius
1624 5235 1925 5316 incarnatione.)

144 5342 247 5405 varies
263 5341 410 5408 lectiones
424 5359 462 5407 ex
479 5341 617 5410 Ventosii
637 5345 770 5408 editione
790 5343 810 5426 (
818 5344 899 5426 opp.
914 5343 953 5408 B.
972 5343 1136 5409 rhenani
1150 5343 1194 5420 ll,
1208 5344 1277 5406 ti7.
1285 5344 1304 5426 )
1318 5341 1511 5425 proferimus.
1532 5343 1614 5406 Alios
1629 5343 1757 5404 demum
1776 5338 1868 5406 italae
1889 5353 1930 5406 te

144 5455 206 5510 ates
225 5448 278 5530 qui
298 5448 387 5512 nobis
406 5449 488 5513 ultro
508 5449 632 5516 obviam
652 5451 776 5515 fuerumt
795 5465 1025 5515 coacervamus.
1046 5447 1171 5514 interim
1197 5449 1442 5514 animadvertere
1466 5451 1549 5510 iuvat
1569 5447 1746 5510 vaticanum
1770 5447 1926 5524 codicem,

145 5551 219 5615 olim
240 5556 367 5634 reginae
386 5571 498 5621 svecee
514 5553 582 5635 XL,
599 5559 687 5622 cuius
703 5559 805 5626 varias
822 5558 966 5624 lectiones
985 5567 1055 5638 post
1070 5554 1273 5623 Sehetierium
1290 5557 1390 5636 magis
1409 5563 1552 5619 accurate
1570 5552 1651 5618 dedit
1667 5550 1830 5619 Vezzosius
1851 5552 1871 5615 l.
1886 5569 1925 5629 c.,

144 5658 224 5720 mire
244 5676 317 5722 cum
336 5659 517 5728 Verecuudo
535 5665 719 5744 congruere,
738 5665 945 5744 eamdemque
962 5666 1177 5728 recensionem
1192 5663 1295 5748 sequi3
1312 5675 1514 5726 veronensem
1535 5668 1639 5722 autem
1662 5655 1829 5722 Blanchinii
1849 5658 1929 5722 codi-

143 5780 214 5828 cem
235 5762 361 5832 elterius
381 5771 573 5837 enesionis
593 5769 741 5852 praehere
761 5770 953 5854 exemplum,
971 5770 1059 5834 cuius
1078 5771 1226 5836 hactenus
1246 5767 1365 5834 ntdlum
1386 5765 1452 5834 eliis
1473 5767 1504 5828 in
1524 5766 1682 5834 codicibus
1700 5765 1862 5843 vestigium
1884 5779 1929 5829 re·

144 5871 293 5950 perimus.

312 5979 395 6054 Tou.
419 5983 444 6052 1.
725 5921 727 5926 Ι
1713 5979 1758 6050 ti
