4740 6680
497 503 566 575 atu
1192 493 1410 570 tuvlmcos
1435 494 1528 568 (ΙΙΙ).
1553 493 1579 566 Ι.

495 664 569 724 note
585 651 726 735 ,ostium
743 647 884 722 Strabus
910 663 942 721 et
960 647 1127 747 Rupertue
1147 643 1192 718 od
1213 646 1348 729 ostium,

496 765 544 838 uti
569 763 686 862 legunt
711 789 833 864 syrus,
854 787 972 862 persa,
993 777 1027 836 ct
1053 759 1151 834 hebr.
1172 759 1271 833 codd.
1294 759 1353 831 de-

494 879 640 954 roesiani
659 879 770 980 prima
787 905 891 951 manu
906 880 989 950 185.
1002 893 1035 951 et
1056 879 1139 948 893.
1157 875 1236 948 Post
1251 875 1354 947 tober-

492 998 608 1070 oacoli
627 995 703 1070 cod.
720 995 797 1070 Cas.
816 997 851 1068 1.
869 994 963 1067 addit
986 994 1177 1075 testimonii,
1193 1006 1233 1064 ut
1253 989 1349 1063 hebr.

492 1126 526 1185 ‘³‘
542 1127 933 1298 'lilioliioieot—Bibl.
958 1219 1066 1318 bugd.
1091 1221 1200 1290 1535.
1224 1215 1354 1291 addunt

491 1341 559 1438 filit
581 1340 691 1412 Aaron
720 1338 915 1421 sacerdotis,
940 1350 978 1407 ut
1003 1334 1100 1408 hebr.
1125 1349 1161 1406 et
1182 1345 1262 1405 vett.
1289 1333 1352 1403 Pro

491 1470 597 1537 strae,
620 1453 695 1525 cod.
714 1453 739 1522 B
761 1453 797 1523 in
821 1465 927 1534 stroe,·
947 1449 1023 1522 cod.
1046 1451 1069 1518 F
1093 1472 1192 1545 sopor
1215 1460 1348 1518 struem.

493 1570 557 1641 l’ro
582 1583 657 1640 onte
678 1567 871 1663 composito,
893 1563 993 1638 codd.
1011 1563 1053 1650 C,
1070 1561 1112 1648 D,
1134 1563 1179 1648 N,
1196 1561 1233 1647 T,
1253 1561 1294 1644 U,
1311 1559 1361 1645 v,

491 1684 658 1780 llupertus
679 1694 753 1752 onte
774 1681 903 1776 posito·
924 1678 1012 1752 hanc
1031 1676 1187 1749 lectionis
1206 1674 1352 1746 varieta-

491 1813 557 1868 tem
577 1809 741 1867 memorat
760 1810 793 1866 et
811 1792 887 1866 ood.
904 1791 946 1865 Ο.
968 1793 1018 1863 De
1030 1792 1140 1862 Vence
1160 1789 1352 1887 suspicatur

492 1911 671 2009 legendum
693 1935 770 1982 esse
792 1923 863 1982 arto
888 1909 1079 2005 composito,
1101 1920 1134 1978 et
1160 1905 1205 1976 ita
1229 1903 1352 2000 legitur

491 2026 524 2099 in
546 2026 622 2100 cod.
640 2026 679 2097 ll.

541 2145 576 2213 8.
601 2135 685 2239 quoa
709 2149 786 2212 sont
811 2137 1062 2212 cana-eod.
1084 2136 1162 2209 Cas.
1186 2136 1219 2207 1.
1241 2148 1346 2220 tacet3

492 2257 627 2342 sixtini,
644 2255 796 2341 coddll,
810 2254 902 2342 ab,
919 2253 959 2342 ll,
977 2255 1012 2338 F,
1031 2252 1069 2340 G,
1086 2253 1129 2337 Η,
1145 2251 1180 2338 S,
1196 2250 1235 2336 Τ,
1251 2249 1292 2335 ΙΙ,
1309 2249 1346 2334 V,

491 2371 576 2445 bibl.
594 2370 694 2456 Ord,
712 2369 924 2470 HesychiuS,
944 2368 1120 2452 Rabanus,
1136 2367 1248 2437 bruno
1265 2378 1345 2448 ast,

490 2486 674 2586 hupertus,
697 2484 878 2569 hadulfus,
901 2483 1064 2572 llartinus
1088 2480 1155 2578 leg.
1178 2479 1348 2576 loquat

490 2627 585 2674 caeso
606 2615 693 2672 eoru.
712 2601 775 2672 Pro
797 2599 934 2696 desuper
954 2597 1158 2678 ordinantes,
1180 2595 1348 2691 hupertus

489 2716 791 2816 supereminentem
811 2713 876 2788 hoc
899 2713 1039 2787 uerbum
1066 2709 1211 2785 occurrit
1234 2708 1342 2781 Galat.

492 2833 556 2920 ΙΙΙ,
577 2834 636 2904 lb.

538 2951 574 3020 9.
596 2948 631 3019 io
650 2944 1043 3020 holocaustum—Codd.
1059 2943 1140 3032 1),ss
1162 2956 1272 3015 tacent
1287 2942 1341 3024 io;

484 3087 595 3162 neque
614 3062 749 3135 obstant
770 3061 937 3135 hebraeus
957 3077 990 3134 et
1010 3076 1090 3135 vett.

533 3179 592 3248 10.
614 3178 682 3248 eive
708 3175 746 3246 de
772 3179 882 3274 capris
897 3175 1096 3262 -Sixti-ni,
1117 3173 1217 3248 codd.
1234 3173 1279 3259 Α,
1296 3173 1338 3258 ll,

482 3293 651 3392 hupertus
673 3293 741 3363 eive
763 3293 886 3390 capris.
908 3293 970 3364 Pro
995 3290 1177 3362 masculum
1199 3275 1337 3387 absquo,

482 3408 614 3495 Sixtus,
634 3407 734 3481 codd.
750 3408 786 3494 S,
802 3407 839 3494 V,
857 3407 934 3479 Ces.
956 3408 1005 3493 l.,
1022 3404 1217 3480 Martianaei
1238 3403 1339 3503 quin·

479 3546 563 3622 que,
580 3511 659 3595 edd.
675 3535 806 3595 veteres
826 3521 896 3594 fere
911 3547 1046 3608 omnes,
1064 3520 1257 3620 Hesychius
1279 3519 1341 3592 he-

479 3635 560 3710 bent
587 3663 710 3734 equom
737 3637 929 3709 anniculum
956 3651 987 3708 ot
1013 3636 1155 3734 obeque;
1180 3634 1261 3706 huio
1289 3632 1338 3706 le·

479 3752 582 3826 ctioni
602 3751 679 3850 plus
699 3751 812 3823 minus
834 3749 999 3824 accedunt
1017 3753 1067 3821 1⁰.
1086 3749 1219 3836 sixtini,
1236 3747 1335 3821 codd.

479 3861 1340 3952 t‚c,u,a‚1³,u,1,N,0,t,11,cas.1o.‚ttar-

479 3981 604 4055 tianaei
632 4006 707 4066 sex,
723 3979 899 4066 tabanus,
915 3980 1027 4053 Bruno
1047 3995 1112 4052 ast.
1127 4035 1134 4066 ,
1150 3979 1336 4078 hupertus,

480 4092 661 4181 lladullus,
675 4082 918 4182 Petrus'cm,
932 4094 1046 4192 Hugo,
1060 4096 1120 4193 qui
1137 4085 1254 4191 legunt
1271 4111 1341 4168 tan·

479 4226 550 4284 tum
583 4211 775 4284 anniculum
802 4225 833 4283 et
861 4212 1005 4310 obsqoe;
1030 4213 1078 4281 2⁰.
1102 4211 1189 4283 llibl.
1213 4210 1335 4284 Ordin.

479 4353 568 4432 quae
589 4355 649 4428 pm
668 4329 806 4427 absque,
825 4327 941 4425 legunt
955 4329 1042 4412 sinn
1060 4330 1109 4401 3⁰.
1123 4326 1210 4403 bibl.
1228 4324 1336 4424 Lugd.

480 4445 589 4515 teet.
607 4467 696 4544 qnae
715 4459 827 4516 tacent
845 4457 893 4529 et,·
916 4445 964 4513 4⁰.
981 4442 1082 4516 codd.
1100 4444 1143 4528 R,
1159 4442 1238 4516 Cas.
1256 4443 1291 4513 2.
1309 4456 1341 4513 et

482 4558 568 4630 bibl.
585 4559 667 4630 Ven.
685 4559 794 4630 ll'lb.
811 4557 868 4630 ubi
891 4583 952 4657 pro
973 4559 1180 4642 anniculum,
1197 4555 1342 4629 habetur

480 4675 671 4773 equiculum
699 4673 761 4770 (cl.
785 4675 828 4747 ad
850 4675 912 4745 Ex.
929 4674 1008 4760 llll,
1033 4677 1110 4768 5.);
1133 4676 1183 4744 5⁰.
1200 4669 1276 4746 cod.
1294 4673 1336 4760 B,

480 4789 538 4886 qui
554 4787 687 4885 legebat
702 4788 894 4860 anniculam
909 4788 1045 4886 absque,
1059 4802 1093 4859 et
1109 4785 1258 4861 secunda
1272 4811 1341 4858 nra·

480 4928 545 4975 nus
566 4903 740 5002 praemisit
759 4903 955 4974 masculum.
977 4903 1026 4973 Ex
1048 4901 1113 4974 hac
1134 4916 1262 4976 tanturn
1283 4925 1340 4974 oo·

480 5017 594 5091 dicum
616 5016 759 5090 lectione
778 5018 953 5103 Testatus,
971 5017 1099 5118 aliique
1121 5031 1340 5090 asseruerunt

479 5133 576 5207 nelos
606 5131 713 5206 luisse
737 5133 772 5205 in
798 5133 1005 5207 holocaustis
1034 5133 1106 5206 sive
1135 5159 1241 5231 agnos
1267 5132 1339 5206 sive

481 5248 610 5324 haedos
628 5275 695 5322 non
715 5248 893 5322 anniculos
909 5249 1041 5322 offerre.
1060 5242 1264 5322 Hodiernum
1283 5273 1340 5321 au·

479 5381 545 5438 tem
566 5365 741 5440 lectionem
762 5365 960 5438 invexerunt
978 5363 1188 5451 clementini;
1205 5391 1246 5438 ex
1266 5361 1339 5463 qui·

479 5482 549 5556 bus
560 5482 696 5556 Toletus
711 5481 846 5555 scribit:
866 5483 983 5580 «Lege
999 5481 1335 5581 mosoolom'obeqoe5

341 5627 346 5636 ·
482 5597 565 5671 »sio
582 5597 678 5671 hebr.
691 5613 725 5671 et
739 5609 1034 5695 graecusyestque
1053 5596 1137 5668 illud
1157 5597 1246 5670 idem
1264 5621 1336 5669 ver—

482 5714 595 5786 »bum
614 5715 706 5814 quod
727 5730 778 5788 est
798 5713 913 5814 paullo
933 5739 1038 5820 supra
1060 5715 1188 5826 (ab.)
1211 5740 1337 5785 moseo

483 5829 585 5900 »lom
608 5831 855 5903 immaculatum
879 5832 1013 5928 offeret.-
1035 5845 1103 5908 w
1129 5829 1164 5901 id
1190 5847 1242 5904 est
1266 5855 1337 5903 mo·

1432 674 1450 713 n
1466 642 1604 716 sculum.
1617 641 1660 715 llt
1675 641 1725 716 sic
1739 639 1857 739 legunt
1871 639 2022 741 Compi,
2038 641 2119 740 aeg.
2130 658 2163 716 et
2175 669 2257 734 mss,

1432 761 1545 834 »licet
1565 759 1600 830 in
1618 757 1825 859 quibusdam
1843 756 1973 854 legatur
1992 758 2171 830 mettum
2187 763 2260 832 oum

1432 878 1594 960 »colom
1609 891 1643 948 et
1663 873 1714 948 sic
1732 872 1864 947 censuit
1884 888 2029 972 utraque
2051 869 2256 971 congregatio.

1431 994 1589 1066 »Tamen
1623 1015 1699 1065 oum
1729 987 1814 1060 illud
1848 987 2042 1060 anniculum
2074 1013 2140 1058 non
2169 987 2259 1059 sitin

1431 1142 1449 1180 »
1465 1108 1578 1194 hebr,
1594 1129 1733 1204 graeco,
1749 1103 1830 1198 lleg.
1847 1118 1880 1175 et
1901 1100 2051 1200 Compl,
2067 1100 2259 1174 auferendum

1432 1254 1449 1297 r
1466 1240 1528 1298 est.
1546 1225 1625 1322 lpse
1642 1217 1744 1293 etiam
1762 1232 1936 1290 contextus
1953 1215 2084 1286 indicat
2101 1238 2164 1287 non
2181 1243 2259 1314 posse

1431 1340 1530 1437 »logi
1551 1363 1689 1436 equum
1705 1361 1784 1406 nam
1807 1333 1945 1429 legitur:
1962 1330 2002 1402 de
2026 1331 2140 1403 ovibus
2158 1333 2259 1404 sinodo

1430 1490 1448 1530 »
1465 1457 1591 1554 copris;
1607 1477 1715 1550 agnus
1733 1466 1845 1523 autem
1864 1473 1931 1520 non
1946 1463 2001 1520 eet
2015 1447 2196 1520 eommunis
2211 1447 2259 1521 loo

1394 1616 1403 1628 ν
1424 1603 1447 1644 e
1465 1590 1519 1646 tus
1536 1570 1622 1656 illis,
1639 1568 1699 1641 sed
1717 1565 1799 1639 solis
1814 1563 1951 1637 ovibus:
1968 1561 2085 1661 capris
2102 1561 2185 1633 eninr
2202 1561 2259 1634 hae

1429 1689 1528 1760 »dus
1546 1701 1598 1759 est
1617 1682 1786 1783 proprius.
1802 1679 1934 1752 Dicitur
1953 1693 2067 1751 autem
2087 1679 2255 1760 musculum

1430 1803 1546 1902 »quia
1578 1798 1811 1872 holocaustum
1841 1820 1881 1867 ex
1909 1791 1994 1866 solis
2024 1791 2180 1866 musculis
2205 1811 2258 1868 erat

1428 1949 1446 1990 n
1465 1918 1529 2014 (cl.
1547 1915 1607 2000 ΙΙΙ,
1624 1916 1697 2007 1.);
1714 1937 1793 1982 nem
1808 1907 1952 2008 pacifica
1969 1924 2257 2004 utrumque'senuu

1428 2065 1446 2106 a
1464 2029 1697 2107 admittebant.
1718 2026 1760 2097 At
1785 2023 1927 2110 Ordin.,
1950 2024 2078 2094 bovan.
2100 2037 2133 2093 et
2154 2020 2257 2120 aliquot

1428 2137 1630 2248 »impresse
1645 2143 1762 2241 legunt
1777 2135 1899 2239 apuam
1911 2138 2117 2210 cuniculum.
2133 2139 2193 2208 aln
2209 2137 2257 2236 pri

1426 2253 1491 2340 uiis
1523 2265 1599 2336 heio
1624 2259 1758 2332 Toletus
1787 2256 2038 2355 manuscriptos
2063 2253 2190 2327 codices
2211 2277 2257 2349 pro

1425 2382 1589 2456 hodierne
1613 2375 1756 2449 lectione
1780 2371 1922 2457 excitat;
1947 2395 2011 2444 nos
2037 2394 2116 2443 vero
2140 2367 2257 2439 laumur

1423 2497 1479 2570 rix
1497 2493 1584 2568 ullos
1603 2491 1725 2564 latinos
1743 2486 1878 2561 codices
1895 2483 2079 2583 reperiisse
2096 2482 2152 2582 qui
2166 2479 2255 2553 aidan

1425 2608 1688 2708 adstipulentur.
1708 2603 1792 2677 Nam
1814 2601 1877 2673 etsi
1899 2625 2017 2697 margo
2038 2594 2255 2672 lovaniensium

1424 2725 1510 2798 duos
1536 2722 1671 2796 codices
1699 2741 1760 2818 pro
1784 2717 1850 2788 hac
1874 2715 2020 2788 lectione
2047 2712 2201 2812 pmlerat,
2220 2723 2256 2778 te·

1424 2867 1501 2914 men
1522 2865 1562 2912 ex
1581 2823 1729 2911 editione
1747 2829 1945 2930 stephaniae
1965 2831 2077 2901 toto.
2094 2822 2255 2926 deprehen·

1421 2955 1536 3029 dimus
1556 2952 1633 3025 illos
1651 2974 1721 3023 non
1736 2973 1813 3021 esee
1831 2947 1897 3019 nisi
1915 2944 2184 3043 Complutensem
2199 2935 2254 3010 edi·

1421 3074 1546 3146 tionem
1574 3083 1608 3141 et
1633 3063 1869 3139 correctorium
1895 3060 2112 3134 sorbonicum
2139 3060 2177 3150 (a
2203 3073 2254 3152 quo

1420 3187 1497 3260 heio
1529 3182 1692 3256 recedunt
1722 3167 1925 3252 correctoria
1958 3189 2075 3248 nostra
2091 3175 2117 3267 ).
2145 3167 2253 3240 llartie

1419 3323 1525 3374 naeus
1544 3324 1636 3385 vero,
1653 3294 1707 3368 oui
1728 3291 1911 3366 assentitur
1922 3289 2121 3375 vallarsius,
2136 3284 2253 3358 clemen·

1418 3415 1523 3488 tinam
1540 3397 1678 3513 quidem
1696 3407 1873 3481 lectionem
1889 3421 2058 3504 sequutus
2074 3418 2140 3486 est;
2151 3413 2182 3472 et
2194 3394 2253 3468 sine

1417 3528 1488 3602 ullo
1509 3527 1666 3600 codicum
1688 3522 1869 3619 suffragio,
1886 3535 1985 3621 prout
2004 3520 2147 3619 ipsemet
2162 3507 2252 3584 decla-

1419 3659 1470 3718 ret
1496 3643 1530 3714 in
1561 3639 1633 3715 suis
1663 3635 1958 3722 adnotationibus,
1983 3634 2130 3707 addens:
2147 3625 2252 3698 «Ceto

1421 3785 1438 3827 n
1456 3783 1530 3832 rum
1552 3779 1646 3830 error
1665 3753 1868 3826 manifestus
1889 3766 1942 3824 est
1963 3750 1997 3822 in
2020 3744 2171 3823 omnibus
2189 3736 2250 3812 leti·

1420 3903 1438 3944 »
1455 3873 1511 3945 nis
1537 3872 1636 3945 codd.
1654 3893 1760 3956 mss,
1776 3867 1836 3940 ubi
1858 3865 2084 3965 exscriptores
2102 3880 2208 3958 operum
2227 3865 2252 3922 et

1420 3988 1646 4061 »anniculum
1661 3997 1847 4085 posuerunt
1867 4007 1928 4082 pro
1946 3970 2252 4054 moretonium

1417 4104 1494 4177 dem
1520 4101 1723 4176 sententiam
1746 4099 1813 4172 iam
1840 4096 1971 4197 pridem
1994 4093 2153 4169 extulerat
2171 4084 2248 4156 llice

1417 4219 1493 4292 leus
1523 4218 1567 4291 de
1595 4217 1683 4288 hira.
1714 4214 1856 4287 Domum
1886 4211 1992 4286 Toleti
2021 4207 2139 4292 verba,
2160 4191 2249 4301 quoad

1417 4335 1594 4434 utriusque
1619 4327 1898 4428 Congregationis
1920 4326 2101 4412 iudicium,
2121 4345 2158 4394 ex
2180 4309 2248 4435 iptlt

1417 4447 1593 4522 codicibus
1615 4472 1636 4519 e
1656 4445 1790 4520 sixtinis
1810 4459 1844 4517 et
1861 4442 2070 4540 gregorianis
2087 4445 2249 4511 correctori·

1416 4563 1482 4636 bus
1503 4561 1706 4661 conscriptis
1727 4557 1931 4632 declaranda
1952 4574 2044 4631 sunt.
2068 4557 2146 4628 Nem
2165 4540 2248 4618 uode!

1417 4679 1609 4752 oarafianus
1624 4677 1727 4749 fidem
1743 4675 1824 4748 lacit
1841 4675 1983 4750 sixtinos
1994 4732 2002 4761 ,
2014 4679 2172 4773 expuncta
2183 4675 2247 4732 vote

1416 4819 1560 4892 aquom,
1589 4792 1716 4890 legisse
1740 4790 1933 4864 anniculum
1957 4805 1987 4862 et
2012 4789 2147 4886 absque,
2169 4783 2247 4875 pwfll

1416 4907 1542 4981 hahent
1560 4907 1630 4980 lere
1646 4931 1766 4980 omnes
1780 4904 1875 4979 latini
1894 4904 2047 4990 codices,
2063 4917 2098 4976 ut
2116 4886 2246 4992 superiut

1415 5022 1734 5097 demonstravimus.
1753 5021 1866 5094 Codex
1882 5045 1962 5094 vero
1979 5006 2193 5093 columnensis
2209 5016 2245 5068 te

1415 5153 1524 5211 statur
1548 5137 1767 5235 gregorianos
1794 5162 1870 5210 cum
1896 5134 2017 5208 bibliis
2048 5129 2126 5206 ltob.
2147 5111 2241 5238 Steph-

1417 5257 1525 5326 1528.
1541 5241 1651 5326 teat.
1668 5271 1702 5326 et
1720 5253 1841 5326 lsidori
1862 5251 1983 5337 Clarii,
2001 5245 2137 5323 abiectis
2153 5229 2243 5310 turbt

1414 5393 1536 5468 aquom
1557 5369 1766 5452 anniculum,
1787 5363 1915 5464 legisse
1936 5365 2115 5437 masculum
2136 5367 2162 5426 el
2183 5343 2242 5417 ats-

1414 5509 1494 5583 qoe:
1508 5497 1655 5558 attamen
1675 5483 1710 5554 in
1730 5481 1868 5556 schedis
1887 5479 2006 5577 Angeli
2024 5481 2126 5555 lloeca
2141 5481 2242 5561 erpulf

1414 5597 1504 5696 gitur
1529 5620 1665 5697 quoque
1694 5594 1861 5696 particula
1887 5609 1934 5680 et,
1958 5595 2076 5694 sieque
2098 5607 2164 5664 oum
2188 5570 2239 5645 ole-

1412 5714 1573 5787 meminis
1593 5703 1784 5811 gregoriani
1804 5703 2037 5798 consentiunt,
2053 5709 2160 5804 eisque
2176 5709 2238 5763 ⁰⁰⁰·

1412 5831 1530 5904 cinunt
1558 5827 1653 5904 hebr.
1678 5845 1712 5902 et
1740 5844 1869 5904 ueteres
1889 5849 2018 5902 omnes.
2044 5819 2134 5898 Gonl.
2153 5813 2237 5882 lllll
