4746 6676
442 462 488 536 tt
1141 464 1318 542 cataste
1342 466 1435 544 GAP.
1455 467 1524 544 XV.

438 615 599 702 vitutem,
627 639 745 690 verum
762 615 806 689 ad
832 632 936 691 totam
954 616 1225 717 patriarcharum
1252 618 1300 693 t·
1375 617 1422 706 d,
1451 618 1496 708 G,
1523 618 1566 708 D,
1594 619 1641 708 E,
1669 619 1707 710 1³,
1735 619 2230 713 tt,11,1t,S‚t,tibt.0a

438 730 615 820 brahami,
643 731 752 806 isaaci
765 749 799 808 et
811 733 926 807 lacobi
940 733 1250 836 peregrinationem
1264 735 1300 810 in
1376 732 1466 823 din.,
1476 733 1589 832 Ruga,
1602 733 1805 826 Eucherius,
1818 735 2011 826 unibertus,
2021 739 2117 815 llret'.
2131 739 2231 816 Goth.

444 863 532 922 terra
558 846 731 923 Chaunum
757 848 873 924 referri
897 850 992 937 vult,
1020 851 1170 950 itemque
1189 852 1233 926 ad
1260 851 1302 924 ti·
1375 848 1400 923 l.
1420 875 1452 926 c.
1474 876 1548 924 aum
1572 851 1695 926 dnum
1717 851 1846 952 [amur.

438 963 561 1039 liorum
584 989 626 1038 ac
654 981 814 1064 nepotum
834 967 1131 1042 commorationem
1145 966 1300 1068 inAegy-
1423 965 1513 1040 lbid.
1543 979 1665 1042 terrant
1689 967 1935 1045 lanc-Brev.
1957 961 2057 1045 Goth.
2080 969 2104 1044 l.
2125 995 2157 1044 a.
2183 987 2232 1046 ta-

439 1097 496 1180 pto
521 1083 701 1182 usquead
728 1084 869 1158 llosem.
899 1083 1084 1184 Perspicua
1106 1082 1196 1156 hana
1219 1108 1299 1156 sen·
1374 1097 1429 1158 cet
1455 1083 1551 1156 lane.

436 1197 575 1272 tentiam
599 1199 736 1300 exponit
759 1199 892 1301 Haymo
917 1199 1047 1287 cxvtt,
1079 1201 1187 1287 ott.;
1217 1199 1297 1272 item
1422 1196 1510 1271 lbid.
1526 1196 1667 1298 fluuium
1677 1223 1835 1298 inquunt
1845 1198 2231 1298 neptunu-sueini,

435 1314 525 1389 Beda
539 1313 562 1386 l.
579 1339 628 1401 c.,
647 1313 811 1388 Alcuinus
826 1314 871 1401 G,
894 1317 997 1402 ott,
1018 1314 1199 1404 Rabanus,
1227 1315 1297 1388 An-
1371 1312 1472 1387 codd.
1488 1311 1534 1402 Δ,
1555 1312 1601 1400 Ε,
1621 1312 1665 1400 L,
1686 1312 1716 1388 0
1741 1315 1887 1416 [lucium
1905 1339 2079 1414 moun,
2095 1317 2235 1418 fluuium

436 1428 609 1527 gelonus,
636 1429 695 1503 all.
716 1429 767 1504 Cf.
796 1431 958 1505 Tornielli
976 1430 1097 1506 annal.
1113 1432 1230 1515 Sacri,
1250 1429 1297 1504 od
1374 1428 1581 1530 (velliumen)
1595 1430 1807 1529 Euphratem
1821 1432 1902 1506 item
1915 1430 2012 1506 hebr.
2029 1447 2064 1506 et
2076 1433 2232 1507 nonnulli

436 1569 515 1616 ano.
531 1550 645 1620 tata.
672 1543 710 1642 ss.
727 1543 818 1617 XVI.
839 1543 882 1617 At
902 1555 1008 1644 quum
1030 1543 1145 1618 Sirtus
1164 1543 1295 1618 edidis·
1369 1545 1461 1644 apud
1475 1545 1626 1620 Holmoe.
1644 1562 1677 1620 et
1689 1547 1927 1621 Sabatieriut'n.
1944 1545 2053 1622 codd.
2073 1545 2114 1635 C,
2129 1548 2179 1635 lt,
2192 1550 2230 1633 Ρ,

437 1677 490 1736 set
512 1686 577 1732 non
599 1667 683 1733 sua:
708 1672 739 1733 et
754 1660 929 1733 subiicient
939 1687 991 1732 aas
1003 1661 1173 1745 tenuitati,
1194 1660 1293 1758 etas·
1368 1660 1403 1748 S,
1418 1661 1456 1750 Τ,
1473 1659 1734 1758 legunttentum
1745 1662 1887 1763 fluuium
1896 1661 2106 1761 Euphratem
2121 1663 2236 1762 Ange-

434 1778 549 1876 fliqent
565 1774 812 1874 quadringentis
829 1775 948 1860 unnn,
973 1774 1164 1874 gregoriani
1184 1791 1218 1849 et
1234 1776 1294 1848 'l'o-
1368 1772 1613 1876 lomusfllunten
1629 1777 1842 1875 Euphratem
1870 1777 2035 1854 Aleuinus
2047 1777 2072 1849 l.
2093 1804 2144 1865 c..
2165 1778 2234 1853 lta·

433 1893 521 1968 letus
550 1892 725 1966 iusserunt
751 1917 883 1965 comma
909 1891 1037 1990 apponi
1069 1917 1131 1991 pro
1157 1889 1291 1965 duobus
1367 1890 1478 1965 banus
1490 1892 1783 1993 [lumenmaqnum
1794 1891 2002 1992 Euphraten.
2030 1893 2234 1969 limamnes

434 2008 587 2106 punctis,
607 2022 640 2079 et
653 2031 800 2104 sequens
813 2031 945 2080 comma
956 2005 1086 2092 deleri;
1109 2005 1291 2104 idquerln·
1366 2005 1550 2080 varietates
1581 2006 1695 2104 attigit
1728 2007 1804 2080 cod.
1837 2007 1865 2079 N
1902 2007 2018 2081 nonrlu
2052 2009 2231 2107 sequenti:

433 2121 530 2220 gelus
543 2148 678 2223 quoque
690 2121 800 2195 Rooca
811 2121 978 2220 expressit
991 2121 1027 2192 in
1041 2120 1117 2194 suis
1131 2119 1288 2207 schedis,

434 2239 493 2339 qui
516 2255 625 2312 tamen
647 2252 818 2336 praeterea
836 2235 961 2310 adiecit
978 2261 1112 2308 comma
1127 2251 1204 2332 post
1215 2259 1291 2307 ver-

433 2352 514 2426 bum
530 2351 697 2452 affliqont3
719 2367 753 2423 at
764 2350 987 2425 clementinae
1000 2349 1079 2424 edd.
1098 2373 1212 2450 neque
1225 2348 1292 2422 hoo

433 2466 666 2553 admiserunt,
694 2492 806 2567 neque
829 2465 914 2540 illud
939 2464 1164 2551 abieceruat3
1198 2463 1292 2537 unde

434 2583 594 2660 accedere
605 2583 762 2658 videntur
774 2582 909 2657 illorum
922 2581 1123 2667 sententiae,
1144 2579 1205 2680 qui
1223 2579 1291 2653 exi·

434 2701 571 2774 stimant
591 2698 763 2773 israelitas
779 2699 920 2774 totidem
940 2696 1207 2796 quadringentas
1228 2720 1292 2767 an·

433 2841 496 2892 noa
509 2817 544 2890 in
556 2816 709 2916 Aegypto
720 2830 944 2890 commoratos
959 2812 1089 2886 luisse:
1108 2836 1196 2912 quae
1213 2809 1292 2911 qui·

432 2930 510 3006 dem
522 2932 640 3036 opinio
653 2930 751 3005 nobis
763 2955 901 3031 quoque
913 2926 1121 3028 probabilior
1131 2927 1285 3014 videtum

433 3045 494 3120 sed
514 3044 597 3118 alibi
621 3044 665 3120 de
689 3045 755 3119 hac
779 3043 978 3145 quaestione
998 3041 1171 3140 agendum
1199 3041 1274 3116 erit.

482 3163 543 3234 tt.
555 3175 631 3260 post
643 3160 866 3234 tue-arev.
882 3157 982 3231 Goth.
999 3156 1024 3228 l.
1041 3182 1072 3230 c.
1089 3169 1176 3229 tacet
1189 3155 1287 3240 laec3

433 3281 635 3355 llatramnus
659 3275 780 3363 CXXI,
810 3276 870 3349 11.
898 3273 981 3370 legit
1001 3286 1078 3370 port
1103 3272 1176 3345 lucc.

481 3393 569 3467 lbid.
583 3417 708 3490 maqnu
717 3385 1051 3464 mbemntio-Bibl.
1067 3385 1190 3460 Ordin.
1206 3386 1290 3458 mol·

1371 2119 1506 2195 «codd.
1529 2123 1741 2222 antiquiores
1758 2122 1899 2223 fluuium
1913 2123 2132 2222 Euphratem·
2161 2149 2235 2198 mo-

1371 2267 1388 2306 u
1405 2239 1503 2310 dorni
1525 2239 1620 2312 iuxta
1633 2238 1819 2313 hebraeum
1830 2238 1971 2339 [lucina
1982 2265 2152 2338 neqeunt,
2168 2239 2234 2339 {lu-

1371 2355 1494 2426 »oium
1509 2353 1726 2450 Euphratem
1746 2353 1797 2426 illi
1811 2378 1902 2442 tero,
1930 2354 1991 2453 qui
2005 2370 2087 2427 sunt
2100 2354 2232 2428 medio-

1371 2499 1388 2540 »
1403 2469 1471 2544 cris
1483 2468 1695 2568 antiquitatis
1703 2468 1844 2569 fluuium
1852 2493 2010 2568 maqnum
2017 2468 2228 2567 Bupltroten.

1372 2615 1390 2657 n
1407 2583 1506 2671 Quod
1526 2609 1594 2656 non
1611 2583 1693 2656 vitia
1706 2582 1909 2684 scriptorum
1923 2584 1959 2655 in
1973 2582 2149 2682 aliquibus
2166 2608 2230 2656 an·

1371 2698 1608 2800 antiquioribus
1633 2698 1700 2773 hoc
1724 2698 1770 2772 sit
1794 2699 1946 2786 iactum,
1979 2697 2143 2799 probatur
2168 2724 2231 2798 per

1370 2816 1503 2889 allent.
1528 2814 1565 2902 1,
1592 2813 1627 2886 1.
1652 2810 1900 2887 ubidseodem
1914 2812 2083 2900 hebraeo,
2106 2811 2230 2887 eadem

1370 2946 1457 3004 nest
1481 2927 1671 3023 translatio.
1692 2957 1710 2998 n

1415 3047 1475 3118 tt.
1506 3041 1843 3118 Gemsueos-Bibl.
1867 3042 1952 3118 ltob.
1972 3041 2090 3142 suph.
2114 3045 2225 3116 lilii.

1368 3159 1572 3246 domnacum
1600 3160 1645 3234 cl.
1674 3157 1828 3234 Holmoe.

1415 3276 1503 3349 lbid.
1531 3273 1801 3350 Gudmcnueas-
1814 3273 1923 3350 Codd.
1937 3274 1983 3364 A,
2002 3273 2049 3362 ll,
2071 3273 2115 3365 S,
2133 3273 2225 3348 ltibt.

1365 3388 1503 3479 Ordin.,
1517 3389 1616 3488 lleg„
1637 3389 1712 3478 all,
1732 3387 1850 3487 liuga,
1874 3388 2064 3464 Eucherius
2078 3401 2111 3462 at
2123 3387 2227 3462 Getlt·

435 3525 469 3583 ta
491 3508 689 3584 nunnae.
717 3505 930 3603 Augustinus
945 3501 1145 3602 supellectili
1166 3501 1284 3575 multu.
1363 3517 1525 3580 maneos.
1553 3501 2109 3579 consenescentem,
2136 3502 2166 3577 E
2196 3519 2230 3577 et

481 3628 542 3700 16.
562 3620 700 3696 necdum
715 3617 950 3695 annin-Cod.
968 3617 993 3692 G
1011 3618 1096 3692 haec
1113 3616 1287 3692 hebetau-

433 3747 672 3842 perrasuram.
688 3735 826 3832 Gregor.
847 3734 892 3807 ll.
914 3735 948 3821 l,
977 3734 1085 3806 taut.
1114 3732 1181 3819 lll,
1199 3733 1283 3807 313.

431 3855 594 3942 nonduin·
620 3853 717 3927 Brea.
747 3850 846 3926 Goth.
876 3849 900 3923 l.
921 3877 953 3925 o.
981 3847 1131 3922 meduan.
1159 3845 1211 3921 Gi.
1232 3848 1290 3920 Sa-

432 3972 553 4047 betier.
584 4003 587 4010 ¹

479 4085 568 4159 lbid.
589 4082 763 4182 oonapletue
790 4089 868 4154 sunt
891 4075 1284 4178 iniquitates-Gregor.

430 4203 461 4274 11
467 4259 476 4274 .
492 4201 516 4274 1.
538 4227 570 4274 a.
591 4225 669 4274 eum
677 4198 865 4296 Augustino
883 4196 1041 4292 completa
1053 4205 1285 4291 suntpeocuta.

429 4319 545 4416 Margo
569 4315 690 4392 Ordin.
720 4313 871 4412 impletae
894 4323 973 4384 eunt
997 4311 1201 4408 iniquitates.
1231 4306 1284 4382 (il.

429 4431 594 4507 Sabatier.

477 4547 564 4621 lbid.
593 4545 640 4620 od
658 4541 1008 4644 ponem-Florus
1032 4541 1130 4614 Diae.
1159 4537 1284 4624 cxlx,

429 4663 512 4736 t-tt.
540 4666 575 4737 et
591 4685 708 4758 margo
732 4658 853 4735 Ordin.
882 4660 919 4730 in
936 4681 1110 4756 praesens

443 4836 445 4843 .
476 4779 538 4851 11.
552 4774 833 4875 {anun-cod.
851 4773 895 4860 G,
920 4771 1011 4846 Beda
1024 4772 1075 4860 ll,
1092 4770 1178 4843 tt't.
1196 4769 1282 4844 tto.

429 4893 612 4993 [umqum.
824 4921 827 4928 ¹
1154 4966 1162 4980 ,

475 5005 562 5079 lbid.
583 5021 615 5078 et
629 5003 945 5106 lontpus-ch.ll
970 5019 1000 5077 et
1014 5003 1180 5103 lampone.
1197 5006 1283 5081 Cod.

432 5123 457 5192 ll
481 5137 570 5196 tecet
593 5135 637 5194 et.
873 5137 876 5144 “

472 5239 534 5310 18.
549 5235 932 5325 Inillodie-Sixtini,
960 5236 1060 5312 codd.
1084 5234 1282 5326 t,c‚1t‚1³,

426 5352 465 5442 G,
481 5353 525 5442 fl,
541 5353 585 5440 Il,
602 5351 640 5440 Τ,
657 5351 744 5425 Bibl.
761 5352 899 5441 Ordin.,
916 5352 1187 5439 atl.,1tabanus,
1210 5351 1287 5426 Gui-

424 5469 553 5558 bertus,
569 5469 687 5568 lingo,
702 5467 889 5568 Rupertus,
911 5468 956 5541 In
968 5467 1021 5541 die
1034 5469 1106 5541 illo.
1123 5467 1188 5540 Alii
1208 5493 1286 5542 cum

424 5587 499 5662 aad.
516 5589 542 5660 S.
563 5587 769 5662 etBrunone
785 5604 850 5660 ast.
871 5583 980 5658 India
1004 5584 1096 5671 illa,·
1124 5583 1204 5658 item
1217 5583 1287 5657 tlu-

427 5703 599 5801 guitinus,

473 5819 561 5894 lbid.
584 5821 697 5920 [aedua
721 5845 795 5894 oum
818 5817 1145 5905 Abram-Sixtini,
1173 5815 1277 5890 codd.

1368 3619 1717 3696 temnuntur.
1734 3619 1762 3694 G
1784 3633 1883 3694 tacet.
1905 3617 2109 3694 Particulern
2120 3643 2232 3719 enpu-

1366 3736 1504 3812 lativam
1531 3735 1752 3835 praemittunt
1775 3757 1913 3835 quoque
1937 3734 2014 3808 cod.
2042 3736 2080 3823 F,
2108 3733 2208 3808 hebr.
2217 3770 2232 3818 ,-

1365 3877 1478 3949 graec.
1507 3867 1541 3924 et
1566 3849 1690 3949 reliqui
1717 3851 1887 3950 interpp.;
1916 3847 1979 3924 sed
2000 3849 2044 3922 cs.
2069 3847 2223 3922 Holmoe.

1416 3967 1475 4038 20.
1501 3979 1535 4038 et
1553 3964 1768 4040 lietlaees-
1779 3965 1854 4039 Non
1869 3964 1969 4063 pauci
1981 3963 2081 4038 codd.
2097 3963 2229 4038 habent

1366 4098 1397 4156 et
1415 4083 1591 4168 cottana·
1618 4081 1662 4155 ai.
1692 4081 1736 4155 ad
1760 4081 1810 4168 X,
1838 4083 1899 4154 tt.
1928 4082 2104 4156 Praeterea
2119 4081 2223 4155 codd.

1365 4198 1411 4285 ll,
1439 4197 1477 4283 11,
1505 4193 1687 4270 Guibertus
1713 4212 1831 4270 tacent
1854 4209 1897 4269 et.
2022 4227 2028 4238 ·

1414 4313 1475 4384 tt.
1499 4309 1757 4386 calmontana
1767 4309 1907 4384 -ttibt
1923 4311 2032 4410 lugd.
2048 4312 2159 4385 tttt.
2176 4327 2228 4386 ta·

1366 4443 1443 4502 cent
1465 4441 1509 4500 et.

1414 4541 1502 4616 lbid.
1517 4555 1548 4615 et
1558 4541 1766 4626 Chananeus,
1777 4556 1809 4615 et
1826 4541 2227 4639 Gerqeaoeos-llonnul·

1365 4660 1509 4734 laevett.
1522 4656 1864 4731 ednutventttt.
1877 4655 2220 4744 tutaminum.

1365 4775 1388 4847 l.
1409 4799 1441 4848 c.
1464 4773 1682 4875 praemittunt
1696 4772 1845 4857 Benace,
1865 4771 1920 4847 uel
1938 4771 2107 4857 Haemon
2127 4772 2219 4870 quod

1363 4906 1397 4965 et
1420 4891 1455 4962 in
1482 4889 1657 4990 plerisque
1673 4888 1805 4986 graecis
1826 4887 1928 4962 codd.
1949 4904 1984 4961 et
1998 4885 2090 4987 apud
2107 4887 2223 4984 Augu·

1364 5006 1491 5081 atinum
1510 5004 1745 5104 interponitur.
1766 5001 2001 5077 Samaritanus
2014 5001 2118 5076 habet
2130 5002 2222 5076 idem

1363 5119 1644 5206 additamentum,
1665 5118 1726 5192 sed
1740 5131 1819 5218 post
1836 5116 2046 5216 Gsrqesaeae.
2065 5114 2164 5214 ungo
2177 5116 2223 5188 de

1362 5261 1393 5308 s.
1418 5233 1529 5307 Charo
1550 5231 1908 5307 manetGedmouaeos
1922 5231 2080 5332 'superius
2093 5234 2226 5306 metnc'

1363 5364 1453 5422 ratos
1470 5371 1550 5422 esee
1566 5347 1719 5434 aneon
1745 5346 1906 5446 adeoque
1923 5345 2001 5420 heic
2017 5344 2151 5420 nullum
2161 5345 2219 5420 ad-

1362 5465 1464 5538 mittit
1479 5463 1762 5538 additamentum.
1788 5461 1842 5536 Cf.
1865 5460 2215 5536 lmbonetusllitaert.

1361 5581 1399 5654 de
1417 5580 1495 5654 ado.
1511 5580 1671 5666 Moesiae,
1693 5605 1733 5678 p.
1751 5579 1855 5662 107„
1879 5575 2212 5652 desenius'dePent.

1361 5697 1454 5770 Sam.
1477 5722 1517 5795 p.
1535 5702 1595 5770 te.
1626 5697 1803 5768 Praeterea
1827 5693 1996 5793 quaedam
2008 5693 2088 5766 edd.
2106 5695 2216 5766 tacent

1362 5831 1393 5887 et
1418 5813 1524 5913 priori
1547 5812 1645 5900 Ἰοοος
1675 5810 1762 5885 aliae
1787 5809 1892 5884 altero
1917 5809 2003 5884 loeas
