4796 6680
806 515 1054 592 crematus
1071 515 1267 594 staticus
1870 518 1939 595 'GV

137 662 251 744 dium
276 663 525 774 proferamus
550 666 675 748 libros
700 665 925 774 liturgicus:
929 667 1048 748 -dein
1071 697 1172 788 quas
1198 668 1401 749 cautiones
1424 668 1466 747 in
1489 657 1536 746 iis
1559 664 1804 747 excutiendis
1831 667 1942 747 adhi-

135 784 357 866 buerimus.
378 787 533 868 Nemo
522 807 679 906 ignorat
701 807 873 884 veterem
894 777 1113 896 liturgiam,
1134 819 1240 900 quae
1260 791 1349 888 fere
1361 818 1411 871 ex
1434 789 1592 890 biblicis
1614 789 1824 896 segmentis
1848 817 1942 870 con·

135 909 269 989 stabat
279 911 472 1018 ,publica
493 913 727 993 auctoritate
745 899 796 993 ab
816 914 977 993 ecelesia
1000 907 1113 992 nullo
1136 941 1220 992 non
1243 930 1422 1021 tempore
1444 914 1499 994 ita
1522 913 1731 1020 vigilanter
1753 929 1943 992 servatam

127 1029 277 1130 luisse,
302 1049 346 1112 ut
373 1035 445 1114 vix
468 1033 621 1142 aliquid
648 1035 885 1142 scriptorum
912 1036 1010 1121 vitio
1038 1051 1173 1176 posset
1200 1036 1386 1116 maculari
1409 1037 1511 1144 quin
1540 1036 1670 1116 statim
1696 1034 1943 1116 animadver-

127 1169 304 1236 teretur.
329 1154 376 1238 ld
403 1182 498 1238 vero
525 1184 601 1238 nos
628 1158 761 1238 auimo
789 1175 1019 1266 reputantes
1045 1159 1089 1240 in
1114 1185 1223 1266 spem
1250 1160 1430 1268 venimus
1453 1159 1624 1265 optimas
1650 1156 1839 1239 lectiones
1865 1158 1941 1240 illis

127 1275 249 1362 libris
275 1295 484 1360 contentas
511 1307 608 1362 esse.
636 1280 721 1362 Nec
747 1280 914 1380 frustra;
946 1310 1059 1376 nam,
1087 1280 1267 1365 adhibita
1294 1281 1575 1390 inquisitione,
1605 1278 1716 1363 haud
1741 1277 1942 1367 modicum

129 1399 310 1482 fructum
333 1430 408 1510 pro
432 1430 477 1482 re
496 1404 632 1486 critica
655 1433 705 1486 ex
727 1402 875 1486 eisdem
894 1401 1107 1511 legendum
1127 1402 1260 1485 adbuc
1282 1429 1365 1484 esse
1383 1399 1731 1509 deprehendimus.
1757 1401 1942 1509 Quapro-

124 1538 226 1629 ,pter
248 1523 336 1607 illos
358 1524 521 1632 reliquis
538 1525 704 1611 testibus
722 1527 888 1608 omnino
910 1525 1186 1634 adiungendos
1204 1555 1288 1610 esse
1306 1528 1545 1608 censuimus.
1571 1526 1791 1608 Bibliorum
1810 1544 1941 1608 autem

127 1645 355 1752 fragmenta
378 1675 485 1757 quae
505 1652 648 1758 passim
671 1651 715 1730 in
736 1650 859 1730 latina
881 1650 1039 1757 liturgia
1061 1667 1300 1746 occurrunt,
1326 1650 1402 1730 alia
1423 1677 1473 1731 ex
1496 1650 1618 1730 veteri
1645 1649 1743 1730 Itala
1766 1647 1941 1735 derivata

125 1787 249 1866 sunt,
273 1799 377 1879 quae
394 1771 635 1857 Sabatierius
653 1773 831 1856 studiose
855 1774 1117 1880 conquisivit;
1138 1773 1213 1855 alia
1237 1798 1332 1854 vero
1356 1800 1408 1855 ex
1427 1772 1729 1879 hieronymiana
1746 1771 1941 1879 interpre-

126 1895 286 1976 tatione
305 1893 527 1992 fluxerunt,
548 1925 652 2006 quae
671 1924 745 1978 nos
762 1897 926 1980 fortusse
943 1897 1060 2006 primi
1075 1899 1359 2005 occupavimus
1377 1914 1499 2004 atque
1517 1894 1795 2004 expendimus.
1821 1895 1939 1989 Misso

127 2015 273 2125 itaque
298 2018 425 2127 priori
450 2017 616 2126 genere,
639 2019 693 2102 de
719 2022 844 2105 altero
874 2037 999 2130 pauca
1025 2021 1144 2102 nobis
1171 2020 1340 2102 dicenda
1368 2039 1478 2104 sunt.
1903 2096 1906 2106 .

246 2169 282 2222 t.
307 2141 453 2224 Mirum
480 2161 540 2224 est
567 2172 687 2251 quam
714 2146 952 2254 locupletem
971 2145 1189 2228 lectionum
1211 2171 1376 2232 messem
1399 2143 1516 2224 nobis
1540 2141 1803 2227 suffecerint
1793 2171 1835 2223 m
1859 2145 1940 2251 pri

131 2264 206 2344 mis
238 2292 412 2373 operae
443 2265 562 2348 beato
589 2267 803 2351 Tbomasio
830 2269 955 2366 edita,
983 2296 1088 2377 quae
1114 2267 1324 2350 Vezzosius
1355 2283 1504 2400 septem
1533 2267 1804 2350 voluminibus
1834 2293 1941 2362 eom·

130 2387 361 2494 prehensa,
400 2389 646 2499 eruditisque
681 2393 954 2474 notationibus
985 2393 1184 2480 illustrata
1220 2395 1378 2474 rursum
1417 2390 1614 2498 evulgavit
1649 2391 1822 2472 Romae
1834 2416 1941 2475 anno

136 2511 405 2616 1747-1754.;
430 2541 523 2596 nam
550 2515 725 2624 optimae
751 2533 869 2598 notae
897 2513 1054 2598 codices
1076 2532 1247 2624 uterque
1266 2515 1514 2622 diligenter
1503 2516 1695 2622 inspexit,
1718 2541 1940 2622 eorumque

130 2634 342 2714 varietates
363 2635 584 2720 adnotavit.
610 2639 728 2720 Plura
747 2640 916 2746 insuper
933 2666 983 2720 ex
1001 2637 1148 2722 eisdem
1166 2639 1280 2722 libris
1301 2638 1538 2721 haberemus
1556 2641 1589 2720 si
1608 2640 1781 2745 integras
1801 2638 1941 2723 sectio·

129 2783 229 2836 num
255 2757 448 2840 lectiones
474 2760 647 2846 editores
674 2762 959 2872 protulissent3
982 2787 1078 2844 nam
1105 2764 1282 2870 saepius,
1311 2763 1477 2870 reliquis
1504 2763 1678 2860 omissis,
1709 2761 1787 2840 vix‘
1802 2761 1940 2869 priora

129 2879 254 2960 verba
276 2898 316 2960 et
338 2895 513 2966 extrema
540 2886 730 2981 recitant,
752 2904 798 2967 ut
822 2887 956 2967 locum
978 2885 1173 2970 denotent
1192 2910 1276 2995 quo
1295 2887 1416 2971 lectio
1439 2885 1656 2993 incipiebat
1677 2884 1738 2966 vel
1760 2883 1939 2966 absolve-

129 3003 265 3084 batur.
295 3004 407 3087 Istud
434 3008 730 3092 incommodum
760 3036 809 3092 ex
838 3027 952 3118 parte
980 3011 1116 3093 saltem
1143 3010 1400 3093 devitavimus
1430 3008 1679 3091 conferentes
1708 3033 1773 3088 eas
1800 3035 1939 3088 omnes

120 3125 351 3212 Bibliorum
377 3130 594 3229 sectiones,
621 3159 736 3240 quae·
751 3133 793 3214 in
821 3133 999 3241 antiquis
1024 3133 1268 3233 Missalibus,
1293 3151 1386 3216 ante
1412 3131 1568 3217 Urbani
1591 3131 1700 3213 VIII.
1726 3132 1938 3214 correctio,-

125 3278 220 3333 nem
249 3251 497 3357 legebantur.

118 3427 122 3434 -
237 3403 279 3454 a.
309 3377 486 3482 Liturgia
513 3379 758 3462 monarabica
785 3383 959 3490 primum
985 3411 1010 3464 a
1033 3383 1154 3466 ‘Card
1186 3382 1397 3464 Francisco
1422 3380 1608 3462 Ximenio
1636 3378 1767 3474 edita,
1790 3376 1938 3471 ,deine

119 3495 249 3578 ¹(laud.
277 3497 486 3584 Francisco
513 3503 694 3585 Antonio
721 3505 977 3603 Lorenzana,
1006 3507 1174 3616 aliisque
1200 3505 1434 3588 doctissimis
1460 3503 1556 3584 viris
1584 3505 1826 3602 instaurata,
1857 3500 1939 3584 fere

126 3619 355 3700 universam
381 3623 578 3730 vulgatam
603 3623 829 3711 Bibliorum
852 3627 1085 3727 editionem,
1110 3626 1369 3736 eamdemque
1394 3653 1442 3708 ex
1463 3624 1717 3706 nobilissimis
1738 3623 1939 3732 hispania·

126 3769 215 3822 rum
236 3742 445 3826 codicibus
467 3743 702 3845 derivatam,
724 3751 1020 3858 complectitur:
1043 3749 1226 3859 adeoque
1248 3752 1477 3832 immensam
1494 3747 1613 3829 nobis
1631 3745 1861 3856 suppeditat
1883 3748 1939 3828 le·

125 3867 308 3950 cdonum
336 3869 659 3972 ‚multitudinem
685 3875 753 3955 cni
784 3876 1021 3984 plerumque
1047 3874 1244 3958 accedunt
1273 3871 1430 3956 codices
1459 3872 1642 3978 gothicus
1669 3871 1868 3952 toletanus
1899 3887 1938 3952 et

115 3992 310 4096 ,gothicus
332 3994 591 4100 legionensis,
617 4017 722 4105 quos
742 4027 833 4105 cap.
855 4028 894 4082 a.
917 3997 1211 4107 descripsimus.
1237 3996 1423 4080 Breviorii
1445 3995 1596 4104 gothici
1618 3995 1810 4076 lectiones
1832 3995 1936 4076 exci-

117 4127 253 4196 tamus
277 4143 327 4195 ex
355 4116 530 4202 editione
552 4120 702 4202 Matriti
728 4124 917 4230 impressa
943 4149 1050 4204 anno
1079 4123 1220 4229 1775.:
1248 4118 1411 4203 Missalis
1433 4135 1564 4203 autem
1591 4117 1829 4200 mozarabici
1854 4116 1937 4200 edi-

121 4237 275 4320 tionem
302 4239 559 4344 parisiensem
586 4245 683 4332 anni
711 4247 826 4327 1850.
855 4272 1108 4354 usurpamus.

228 4361 270 4442 3.
299 4362 425 4445 Multa
442 4393 608 4476 quoque
626 4367 784 4450 suffecit
802 4396 965 4453 romana
987 4368 1165 4477 liturgia3
1187 4396 1261 4451 nec
1284 4367 1412 4450 defuit
1433 4365 1646 4474 gallicana;
1668 4363 1818 4472 quibus
1840 4392 1935 4472 sup-

118 4486 252 4589 petiae
280 4484 480 4570 advenere
502 4492 577 4573 alia
600 4509 735 4574 vetera
756 4493 940 4599 liturgica
961 4492 1181 4601 fragmenta
1201 4491 1387 4599 undique,
1403 4490 1647 4598 conquisita,
1670 4514 1773 4596 quae
1797 4489 1839 4573 in
1864 4516 1935 4595 par

117 4608 276 4688 risiensi
304 4611 549 4719 patrologiae
566 4614 713 4696 latinae
733 4643 853 4700 cursu
871 4631 1098 4698 coacervata
1119 4631 1233 4713 sunt,
1256 4614 1528 4729 operibusque
1552 4612 1812 4718 Hieronymi,
1835 4613 1936 4697 Leo-

117 4730 202 4828 nis,
225 4731 398 4830 Gelani,
420 4735 632 4832 Germani,
654 4739 859 4845 Gregorii,
880 4738 1039 4836 Isidori,
1059 4738 1214 4820 Rabani
1234 4737 1482 4844 aliorumque
1500 4733 1775 4849 superadditas
1793 4737 1853 4816 De
1874 4737 1937 4817 his

117 4881 202 4933 non
233 4871 294 4934 est
321 4883 393 4936 cur
414 4858 531 4963 plura
555 4858 751 4958 dicamus,
776 4865 1007 4970 praesertim
1031 4891 1158 4971 quum
1184 4856 1235 4941 ad
1257 4861 1452 4968 singulas,
1478 4887 1577 4968 quas
1600 4887 1648 4940 ex
1670 4859 1816 4963 eisdem
1840 4887 1936 4968 pro·

114 4975 303 5076 ferimus,
328 4977 545 5062 lectionum
568 4984 795 5082 varietates,
820 4985 950 5068 fontes
973 4986 1051 5094 ipsi
1074 4983 1183 5066 unde
1206 4987 1367 5066 haustae
1389 4999 1485 5064 sunt
1506 4982 1717 5091 perspicue
1741 4982 1935 5064 denoten-

114 5113 202 5198 tur,
226 5117 275 5178 ut
301 5100 459 5182 easdem
485 5106 548 5184 vel
576 5105 694 5186 nobis
720 5107 920 5189 indicibus
947 5108 1059 5190 adire
1085 5110 1258 5217 quisque
1284 5125 1406 5216 atque
1430 5133 1714 5212 recognoscere
1740 5109 1878 5216 possit.

223 5227 267 5320 d.
296 5225 360 5306 Ad
388 5257 575 5335 praesens
601 5230 827 5314 institutum
853 5231 966 5342 quod
992 5233 1190 5342 pertinet,
1214 5232 1307 5312 satis
1330 5232 1378 5312 sit
1401 5231 1578 5310 innuisse
1600 5258 1703 5338 quos
1730 5247 1932 5327 auctores,

114 5374 306 5455 quosque
332 5350 460 5430 libros
484 5353 691 5462 liturgicos
717 5357 759 5436 in
787 5356 1007 5437 subsidium
1036 5357 1319 5437 vocaverimus.
1351 5353 1452 5434 Nam
1479 5354 1512 5434 si
1540 5352 1757 5460 quaesieris
1787 5355 1931 5462 quanti

113 5468 302 5552 facienda
318 5473 369 5552 sit
388 5475 707 5586 uniuscuiusque
724 5483 834 5560 testis
853 5481 1085 5578 auctoritas,
1099 5481 1161 5560 vel
1181 5504 1378 5588 quaenam
1396 5477 1447 5558 sit
1464 5479 1623 5556 illorum
1640 5491 1760 5571 aetas,
1778 5502 1932 5582 quaeve

112 5595 230 5700 origo
258 5595 322 5674 vel
348 5597 498 5704 patria3
523 5616 563 5682 te
590 5601 826 5683 remittimus
853 5602 905 5684 ad
931 5601 1113 5708 laudatos¹
1135 5602 1328 5700 editores,
1355 5599 1427 5710 qui
1449 5601 1540 5682 data
1568 5627 1691 5708 opera
1717 5597 1933 5681 eruditissi-

114 5719 187 5797 mis
216 5717 566 5802 dissertationibus
593 5726 767 5834 singulas
794 5727 1047 5838 quaestiones
1077 5729 1132 5808 ita
1162 5742 1474 5836 pertractarunt,
1501 5743 1547 5806 ut
1576 5724 1696 5804 nobis
1719 5724 1844 5802 otium
1875 5724 1931 5805 fe·

115 5841 214 5923 cisse
245 5841 368 5952 plane
395 5841 556 5928 dicendi
582 5846 675 5930 siut.
1138 5954 1142 5964 Δ
1412 5952 1416 5970 ¹

321 5973 406 6054 ΤοΙ.
432 5977 460 6050 Ι.
1718 6007 1735 6052 o
