4830 6678
885 531 1203 609 stomoma
1888 525 1949 600 XV

157 685 247 764 alios
264 685 476 764 emendare
495 685 666 764 tentetis.
690 684 811 764 Istud
825 684 934 763 euim
955 707 1083 792 gnus
1099 681 1415 776 emendationis,
1442 697 1488 760 ut
1505 680 1694 776 orhitmr,
1717 679 1830 783 vastos
1846 681 1949 788 pou

156 809 383 890 cheuimum
411 825 546 904 est,et
572 807 894 889 doctissimorum
919 807 1133 887 homiuum
1158 807 1360 913 negotium
1384 805 1618 914 gloriosum.
1644 803 1854 884 Verissime
1876 808 1946 883 au·

155 953 224 1014 tem
248 931 300 1012 de
326 934 406 1013 hoc
432 931 657 1013 studiorum
684 951 828 1039 mucre
855 931 992 1012 scribit
1019 929 1195 1010 lllariana
1223 934 1336 1031 (Pru
1363 931 1460 1010 edit.
1490 929 1615 1037 Vulg.
1644 955 1679 1007 c.
1703 929 1945 1028 amm).-

157 1093 172 1134 ι
192 1058 328 1164 Magna
347 1056 561 1165 prudentia
580 1083 689 1165 opus-
702 1055 841 1152 babet,
862 1055 973 1161 gravi
991 1052 1142 1134 iudicio
1159 1055 1402 1161 quicumque
1422 1051 1608 1133 editionis
1625 1049 1815 1157 Vulgatee
1837 1050 1948 1130 cedi«

158 1217 173 1260 ι
191 1207 253 1261 ces
270 1182 464 1288 castigare
482 1179 753 1287 aggredietur,
771 1207 862 1258 cum
882 1179 1006 1258 multa
1026 1179 1067 1259 in
1085 1206 1132 1258 ea
1149 1180 1247 1270 sint,
1261 1203 1370 1286 quae
1388 1205 1410 1256 a
1429 1176 1609 1256 fontibus
1628 1175 1823 1255 hebraicis
1839 1177 1947 1282 grae·

158 1339 173 1378 ι
191 1306 321 1412 cisque
340 1302 548 1383 codicibus
566 1301 790 1410 discrepare
808 1299 1172 1382 videntur-illorum
1189 1303 1322 1409 potius
1340 1303 1460 1398 vitio,
1481 1329 1601 1409 quam
1619 1300 1890 1408 interpretis;.
1906 1359 1915 1376 .
1933 1357 1944 1376 .

156 1446 253 1508 aaut
279 1429 475 1537 quoniam
501 1427 711 1536 interpreti
736 1426 812 1506 luit
832 1426 1081 1534 propositum
1104 1426 1337 1506 sententiam
1366 1429 1604 1534 exprimere,
1627 1452 1710 1504 non
1737 1445 1951 1504 numerare

157 1553 333 1650 »verba3
365 1579 470 1660 quae
497 1554 528 1648 si
557 1553 765 1654 immutare
792 1551 884 1658 quis
911 1551 1031 1646 velit,
1057 1573 1146 1631 'rem
1172 1552 1206 1632 is
1232 1551 1501 1630 stultissimam
1527 1550 1655 1630 iaciat.
1681 1611 1690 1628 .
1716 1548 1951 1628 ..Summe

157 1711 173 1750 ι
193 1706 330 1784 magno
353 1675 503 1758 iudicio
523 1681 627 1785 opus
650 1694 729 1770 est,
752 1701 972 1785 magnaque
994 1674 1207 1785 pnrdentia
1228 1675 1279 1756 ad
1301 1673 1574 1783 castigandum
1595 1672 1952 1781 divinaeScriptu«
1991 1719 1995 1728 .

156 1835 171 1876 ι
189 1829 251 1881 rae
275 1803 421 1898 libros,
442 1829 490 1882 ac
512 1802 742 1910 praesertim
769 1799 987 1909 praecipua,
1006 1801 1126 1880 animi
1150 1801 1278 1909 pietas
1296 1817 1335 1880 et
1360 1797 1550 1880 modestia
1574 1797 1833 1892 adhibeatur,
1851 1822 1949 1905 pro-

155 1926 332 2034 »culque
359 1927 412 2006 sit
438 1922 736 2006 connadicendi
763 1923 907 2019 libido,
928 1952 1114 2032 novaque
1140 1942 1263 2033 atque
1284 1922 1464 2004 inaudita
1491 1921 1732 2003 inveniendi.
1759 1920 1880 2022 Quod
1904 1923 1952 2001 in

154 2048 323 2128 »bibliis
350 2052 498 2128 Romae
526 2073 665 2130 recens
691 2046 810 2127 editis
834 2048 1088 2128 observatum
1116 2065 1223 2130 certe
1250 2046 1463 2128 credimus.
1483 2079 1505 2123 ι

246 2172 382 2251 Unum
401 2171 537 2252 adhoc
555 2187 692 2268 restat,
710 2171 822 2279 quod
839 2199 1136 2280 praeoccupare
1154 2172 1358 2253 debemus.
1376 2173 1512 2273 Quum
1532 2173 1637 2252 enim
1655 2173 1814 2252 criticae
1831 2175 1949 2280 quae·

150 2298 308 2392 stiones,
331 2324 433 2404 quas
460 2298 539 2376 h'oc
564 2297 767 2376 volumine
790 2294 840 2376 ad
866 2295 1151 2404 inquirendum
1179 2298 1314 2406 potios
1341 2325 1460 2406 quam
1486 2294 1772 2402 adlegandum
1800 2325 1953 2405 propo·

150 2424 291 2520 nimus,
313 2423 492 2504 utilitatis
518 2423 610 2531 plus
635 2420 820 2518 eruditis,
843 2448 962 2529 quam
987 2423 1206 2530 voluptatis
1227 2421 1416 2502 allaturae
1443 2421 1542 2518 siut3
1569 2420 1621 2500 ab
1643 2421 1691 2500 iis
1713 2421 1783 2528 qui
1805 2421 1850 2500 iu
1871 2422 1954 2503 hoc

149 2545 365 2628 studiorum
387 2573 531 2654 genere
554 2548 685 2626 minus
703 2547 906 2626 exercitati
931 2546 1156 2654 semotique
1178 2563 1273 2626 scint
1294 2544 1407 2625 facile
1428 2545 1735 2626 contemnentur
1752 2573 1800 2624 ac
1819 2544 1955 2654 despi-

149 2673 311 2752 cientur.
342 2673 417 2752 Cui
446 2673 575 2767 hono,
597 2672 733 2781 plures
758 2671 914 2767 dicent,
936 2688 1017 2751 tam
1044 2671 1188 2754 multas
1212 2669 1348 2762 fertiles
1369 2697 1415 2750 ac
1437 2669 1597 2750 frivolas
1618 2669 1788 2778 ineptias
1810 2669 1950 2750 obtru-

147 2793 220 2890 dis,
241 2823 351 2904 quae
369 2824 444 2876 nec
462 2821 619 2876 seumm
638 2796 836 2891 alliciunt,
859 2821 935 2875 nec
952 2797 1126 2903 aliquem
1143 2823 1260 2876 mum
1279 2796 1420 2876 afferre
1439 2816 1554 2902 posse
1572 2794 1788 2875 videntur?
1804 2795 1952 2874 Nonne

146 2922 260 2999 satius
288 2921 428 3000 fuisset
454 2921 516 3000 his
544 2921 661 3027 nugis
686 2919 854 3000 carere?
880 2919 989 3018 Quid
1008 2922 1120 3000 enim
1140 2919 1259 3000 'iuvat
1286 2919 1341 3001 ob
1368 2919 1491 3000 unius
1516 2938 1586 3000 aut
1613 2921 1774 3000 alterius
1801 2919 1948 3001 codicis

146 3045 313 3124 tantillas
336 3045 543 3126 varietates
559 3070 715 3125 sacrum
733 3060 887 3124 textum
911 3043 1060 3124 iamdiu
1082 3046 1289 3152 receptum
1307 3046 1454 3153 passim
1471 3044 1642 3125 vexare?
1665 3046 1773 3126 Haec
1790 3045 1949 3154 aliaque

144 3169 260 3250 multa
282 3197 371 3249 non
396 3170 569 3277 imperiti
592 3168 734 3266 modo,
753 3194 928 3278 quorum
946 3167 1137 3250 iudicium
1158 3167 1265 3248 baud
1287 3170 1616 3277 pertimescimus,
1638 3169 1709 3250 sed
1728 3189 1768 3250 et
1785 3169 1958 3278 quidum.

145 3290 265 3387 ducti,
288 3295 334 3372 in
362 3293 470 3373 hisce
497 3308 630 3374 tantan
657 3293 800 3374 studiis
826 3294 1027 3402 peregrini
1055 3310 1177 3400 utque
1203 3294 1401 3401 hospites,
1428 3294 1546 3375 nobis
1573 3294 1764 3375 recinent.
1790 3293 1964 3394 Quibus·

145 3418 230 3497 satis
255 3445 336 3498 nos
363 3417 527 3513 facturi,
548 3419 674 3498 missis
699 3415 952 3524 Hieronymi,
974 3417 1208 3525 Augustini,
1229 3417 1470 3499 Cassiodorii
1498 3419 1747 3526 aliorumque
1769 3435 1948 3500 veterum

143 3543 334 3649 exemplis
354 3559 393 3622 et
414 3541 646 3624 testimoniis
665 3541 759 3621 alibi
779 3543 1022 3636 memoratis,
1045 3569 1193 3649 paucas
1211 3543 1434 3622 excitamus-
1448 3543 1663 3623 sententias
1679 3543 1857 3638 illorum,
1879 3544 1949 3652 qui

144 3665 181 3742 in
203 3669 282 3746 hoc
308 3665 535 3746 studiorum
557 3691 701 3774 genere
718 3668 823 3746 inter
847 3667 1089 3750 recentiores
1108 3667 1311 3776 principes
1334 3667 1551 3748 habentur.
1575 3667 1808 3748 Franciscus
1825 3669 1951 3748 Lucas

142 3785 352 3896 brugensis
380 3791 425 3870 iu
453 3793 569 3900 epist.
591 3791 650 3870 od
672 3790 892 3871 Sirletum:
915 3789 1030 3872 «Sed
1057 3807 1177 3872 erunt
1204 3789 1277 3898 qui
1304 3792 1401 3872 baec
1428 3808 1564 3871 nostra
1589 3791 1803 3889 ridebunt,
1829 3809 1951 3901 atque

146 3944 163 3986 ι
183 3931 226 3993 ut
250 3913 397 3996 frivola
415 3915 756 4022 aspernabantur,
777 3971 787 3992 .
807 3973 817 3992 .
839 3974 849 3993 .
868 3941 942 3996 nec
961 3943 1080 3997 curae
1102 3917 1201 4026 ipsis
1221 3933 1316 3996 sont
1334 3943 1441 4026 quae
1461 3933 1679 4000 occurrunt
1695 3915 1866 3999 subinde
1882 3945 1951 3998 co·

145 4035 321 4118 »dicum
348 4037 615 4122 varietatulae.
644 4043 698 4118 At
724 4038 863 4123 eorum
891 4066 967 4146 ego
993 4039 1095 4126 nihil
1121 4041 1315 4122 movebor
1341 4040 1622 4120 sententiis...
1645 4037 1716 4118 .Si
1742 4040 1814 4146 qui
1840 4037 1950 4125 laudi

145 4163 256 4242 »sibi
285 4163 449 4244 ducunt
476 4161 735 4271 profanorum
762 4179 969 4242 auctorum
1000 4159 1194 4247 editiones
1220 4193 1246 4244 a
1271 4163 1425 4246 mendis
1455 4163 1702 4260 vindicasse,
1733 4163 1853 4270 longe
1876 4193 1955 4274 ego

145 4315 162 4359 ι
182 4288 328 4368 maiori
346 4285 512 4394 dignum
531 4284 650 4368 laude
667 4310 812 4367 censeo
831 4288 903 4395 qui
922 4285 987 4367 hic
1004 4285 1047 4366 id
1065 4315 1213 4396 operae
1230 4289 1545 4370 collocaritsld.
1557 4290 1757 4369 Antonius
1770 4289 1951 4390 Muretus

142 4410 259 4491 Vorr.
281 4415 392 4492 lectt.
412 4415 547 4509 VIII,
574 4415 615 4510 d.
635 4410 864 4513 «Quotidie
884 4413 1006 4518 magis
1025 4411 1204 4519 intelligo
1222 4439 1361 4492 verum
1380 4441 1462 4496 esse
1480 4412 1542 4508 id,
1563 4411 1677 4522 quod
1695 4433 1852 4521 semper
1869 4416 1950 4496 exi-

145 4537 361 4632 »stimavi,
385 4537 534 4616 nullam
553 4565 637 4618 esse
659 4535 843 4618 mendam
865 4537 918 4616 ita
937 4535 1141 4643 pusillam,
1162 4563 1285 4644 quam
1302 4565 1386 4618 non
1407 4538 1612 4644 permagni
1630 4537 1785 4618 intersit
1802 4567 1826 4618 e
1846 4559 1950 4620 vete·

144 4687 269 4740 »rum
290 4664 561 4742 monumentis
579 4661 664 4743 tolli
682 4679 723 4742 et
741 4660 901 4766 corrigi.
922 4693 941 4736 ι
962 4660 1161 4740 lohannes
1182 4659 1371 4740 Albertus
1393 4659 1540 4767 bengel
1562 4663 1608 4740 in
1628 4663 1682 4741 N.
1702 4665 1749 4744 T.
1768 4695 1788 4736 ι
1807 4662 1951 4770 Neque

144 4815 160 4854 ι
181 4785 260 4865 ulla
285 4787 460 4866 varietas
476 4803 556 4866 tam
575 4787 706 4894 gravis
724 4803 804 4880 est,
828 4801 871 4863 ut
890 4783 985 4864 inde
1004 4783 1203 4889 religionis
1220 4811 1371 4864 summa
1392 4783 1585 4892 pendeat,
1608 4813 1740 4894 neque
1757 4802 1837 4866 tam
1854 4788 1966 4866 levie'

144 4939 160 4978 ι
179 4908 281 5006 ulla,
306 4927 356 4988 nt
376 4912 520 4992 veritas
542 4911 757 5019 apostolica
781 4937 865 4990 non
888 4912 938 4988 sit
959 4907 1219 5016 praeferenda
1237 4909 1344 4990 vitiis
1367 4909 1676 4992 librariorum.»
1698 4911 1957 4995 Iablouekius

140 5031 176 5111 in
198 5034 297 5114 edit.
324 5034 569 5114 uictarum
600 5038 713 5144 1699.
738 5034 816 5114 «si
841 5035 1247 5114 correctiuncularum
1271 5052 1497 5114 nostrarum
1520 5037 1734 5144 pleraeque
1753 5037 1858 5120 circa
1879 5039 1950 5116 mi-

144 5162 321 5238 »nutias
349 5160 657 5264 grammaticales
684 5159 830 5240 versari
859 5159 1048 5268 cuiquam
1076 5156 1342 5255 videbuntur,
1363 5187 1448 5239 non
1473 5158 1660 5268 equidem
1681 5160 1750 5240 ibo
1777 5161 1947 5253 inficias:

143 5300 218 5360 »at
246 5311 388 5391 neque
414 5282 639 5390 poenitebit
665 5283 861 5380 studium,
883 5285 1003 5391 quale
1026 5284 1204 5391 profanis
1225 5284 1433 5389 gurtilium
1454 5287 1719 5393 scriptoribus
1737 5287 1953 5368 emendan-

143 5437 164 5477 ι
179 5404 261 5501 dis,
285 5433 511 5516 eorumque
537 5407 733 5514 genuinae
760 5408 922 5506 lectioni
951 5407 1215 5490 restituendae
1242 5409 1357 5490 multi
1385 5436 1477 5490 curn
1503 5409 1622 5490 laude
1645 5410 1949 5518 impenderunt,

144 5558 295 5612 rsacro
326 5529 567 5638 impendisse
595 5530 738 5612 codici.
760 5565 779 5606 ι
802 5533 887 5614 lob.
904 5534 969 5612 H.
995 5531 1217 5627 Michatlis,
1242 5532 1358 5613 Dies.
1382 5532 1431 5612 de
1457 5533 1570 5614 codd.
1596 5535 1756 5640 Erfurt.
1780 5535 1858 5614 «Si
1886 5535 1950 5614 cui

143 5681 274 5736 »vero
300 5656 427 5735 multa
447 5656 488 5734 in
507 5652 770 5763 sequentihus
791 5654 897 5736 dicte
914 5687 937 5737 a
957 5658 1075 5738 nobis
1091 5655 1304 5736 rideantur
1320 5657 1471 5736 leviora
1490 5683 1564 5736 nec
1583 5655 1683 5738 adeo
1705 5655 1827 5764 digna
1846 5683 1952 5765 quae

144 5801 481 5878 memorentur,
501 5807 592 5862 eum
616 5807 691 5860 suo
713 5779 1062 5860 abundaresensu
1086 5778 1199 5860 facile
1221 5777 1406 5859 feremus.
1434 5779 1492 5860 lta
1515 5797 1574 5860 est
1598 5780 1642 5860 in
1664 5808 1707 5860 re
1729 5779 1883 5879 critica,
1907 5797 1971 5860 ut>

144 5934 161 5970 ι
180 5905 243 5982 vix
264 5905 397 6010 possit
415 5903 498 5984 lieri
509 5963 523 5998 ,
536 5906 637 6012 quin
656 5904 781 5986 multa
798 5904 1076 6013 proferantur,
1091 5927 1196 6010 quae
1213 5904 1301 5998 alii,
1317 5905 1501 6012 occupati
1519 5903 1595 5986 alia
1612 5904 1818 5984 doctrinae
1839 5921 1952 6013 parte
