4746 6676
816 493 995 574 Gblffils
1015 493 1108 574 CII.
1130 491 1243 574 XXIV.
1875 493 1922 570 et

146 669 232 733 nus,
257 645 456 732 dnihrtus,
477 647 667 744 ‘liopertum
693 646 809 720 Petrus
835 647 928 722 Com.
953 664 1001 722 te*

144 761 344 858 cumloptet'.

198 878 259 948 51.
280 875 498 975 filiiuCodd.
512 878 552 964 Ε,
570 877 597 950 G
613 875 699 975 filim
713 897 825 974 graec.
840 863 896 972 τῷ
914 864 997 974 ὁιῷ.

195 987 285 1062 Ibid.
308 989 432 1064 taam
453 990 648 1066 ceuceu.
666 992 693 1062 s
710 994 888 1090 pmaepir.

196 1107 258 1176 55.
279 1099 648 1202 pmeidets-Sixtini,
665 1106 764 1179 codd.
781 1108 825 1194 A,
843 1108 880 1193 C,
895 1107 937 1191 Il,
954 1105 996 1193 Ε,

143 1221 183 1305 Ε,
211 1217 256 1306 G,
279 1217 325 1306 Ε,
350 1221 375 1291 b
400 1224 451 1307 1.,
476 1219 519 1308 0,
544 1219 587 1306 Τ,
609 1213 696 1294 Bibl.
717 1217 855 1308 Ordin.,
879 1209 995 1318 Ilugo,

145 1333 350 1420 Guibertus,
379 1335 498 1408 Patrue
522 1336 616 1408 Com.
645 1337 803 1410 omittunt
833 1337 897 1409 boo
925 1361 1000 1408 ver·

143 1449 256 1535 bum;
289 1450 381 1549 qnod
414 1466 544 1524 vetams
577 1451 756 1547 ignorant:
787 1450 1000 1548 «Complura

145 1593 165 1632 ι
183 1588 287 1652 mss,
299 1565 348 1638 ait
364 1565 559 1662 brugensis,
576 1589 684 1666 eaque
702 1567 770 1640 lide
787 1567 892 1662 digna
906 1565 1002 1636 omit-

146 1707 165 1746 »
181 1693 261 1750 tunt
274 1679 459 1776 procidens.
475 1680 654 1752 »Attamen
671 1696 751 1753 suut
765 1682 824 1781 qui
841 1691 1001 1754 censeam

143 1794 390 1894 Hieronymum
408 1795 562 1894 potuisse
578 1796 718 1869 reddere
738 1797 877 1873 innuo
894 1797 1002 1893 proei-

143 1909 228 1981 derts
250 1908 412 1982 adcreuit.

197 2023 287 2095 Ibid.
310 2027 345 2095 in
361 2025 677 2112 terrem-Sinuri,
694 2027 824 2112 sixtus,
840 2024 940 2098 codd.
956 2025 997 2112 A,

1120 641 1209 722 Ibid.
1226 646 1495 722 Dimittiteulta
1510 646 1731 720 emendarunt
1747 645 1862 718 sixtini
1878 647 1924 718 ad

1074 755 1175 835 fldem
1190 763 1411 861 plurimorum
1424 758 1803 834 ecclesiaticum
1818 761 1918 834 codd.

1075 877 1121 963 G,
1147 877 1197 964 Ε,
1222 879 1268 964 Ε,
1292 876 1378 949 Bibl.
1407 878 1552 959 lotam,
1577 876 1707 974 priores
1731 875 1810 946 edd.
1836 867 1918 948 lleb.

1075 993 1210 1091 Steph.,
1231 993 1427 1078 (luibertus,
1448 993 1615 1090 Ilupertus
1635 990 1751 1088 legunt
1769 992 1922 1076 Dimitte,-

1075 1107 1286 1180 boreale.
1312 1107 1450 1180 scribit:
1476 1107 1541 1178 «Si
1569 1108 1605 1178 in
1634 1094 1749 1204 aliqua
1778 1106 1926 1180 editione

1078 1221 1250 1294 »verbum
1272 1222 1444 1318 singulare
1460 1219 1595 1294 Dimitte
1614 1214 1821 1305 invenietur,
1838 1239 1926 1294 erro·

1077 1359 1182 1406 »rem
1213 1335 1518 1435 typographiam,
1545 1333 1599 1406 rel
1629 1325 1925 1432 ehirographioum

1077 1472 1190 1524 »esse
1210 1449 1305 1524 dicas
1327 1463 1502 1549 oportet.»

1122 1564 1211 1636 Ibid.
1228 1580 1265 1636 ot
1279 1561 1532 1638 eodem-Cod.
1546 1565 1572 1636 G
1587 1580 1624 1636 ut
1637 1588 1791 1662 perpera,
1808 1565 1926 1640 codd

1075 1693 1187 1752 monet
1212 1678 1277 1750 hoc
1301 1679 1440 1752 verbum
1467 1695 1620 1776 spectare
1646 1678 1836 1752 adversio.
1862 1683 1920 1751 55.

1075 1792 1312 1866 Animadverte
1329 1817 1461 1866 sacrum
1480 1807 1605 1868 textum
1625 1794 1702 1866 hele
1719 1794 1848 1866 nullum
1867 1817 1925 1866 ex-

1076 1907 1219 2007 primere
1231 1908 1388 1994 terbum3
1401 1925 1436 1982 at
1448 1930 1524 1981 cum
1537 1904 1678 2004 Vulgata
1693 1907 1821 1982 iaciunt
1833 1937 1926 2008 grae·

1076 2047 1155 2108 cus,
1172 2047 1273 2120 syme
1289 2037 1322 2094 et
1337 2020 1925 2099 cod.deross.1289.(li.l)e·llossi

144 2137 185 2225 C,
204 2137 246 2224 tt,
270 2138 316 2224 Ε,
332 2139 368 2226 Ε,
386 2139 432 2225 Ε,
450 2138 493 2224 Ο,
510 2139 554 2225 Ε,
570 2140 605 2225 S,
621 2139 659 2225 Τ,
681 2138 768 2212 Bibl.
783 2140 864 2212 Ven.
887 2141 995 2212 1115.
1074 2136 1157 2208 Mes.
1178 2137 1301 2210 codices
1327 2135 1431 2220 bair„
1452 2137 1518 2209 ool.
1538 2137 1608 2210 111.
1625 2163 1663 2236 p.
1688 2143 1772 2212 155.
1794 2139 1876 2214 Cod.
1897 2139 1925 2212 ll

144 2254 275 2340 1185,
292 2253 400 2326 Veris.
419 2256 543 2340 tuce,
560 2255 671 2351 Ilugo,
688 2253 883 2341 Guibertus,
900 2256 996 2328 brev.

145 2367 249 2441 Goth.
267 2367 290 2438 l.
304 2392 334 2440 c.
348 2371 383 2440 in
401 2383 500 2441 terre.
515 2369 709 2465 Gregoriani
727 2393 938 2444 communem
957 2369 1002 2442 le·

144 2482 295 2554 ctionem
312 2482 540 2570 restituemur
553 2484 643 2556 unde
660 2484 794 2558 Toletus
810 2484 873 2557 ait:
889 2484 1002 2579 «Lege

146 2597 221 2667 »io
249 2611 387 2682 terrem
411 2598 460 2672 sic
486 2598 633 2696 Compi,
655 2597 753 2694 Ilcg„
776 2595 917 2684 Ordin.,
940 2599 1002 2669 Lo·

145 2741 165 2779 ι
181 2735 264 2783 van.
285 2727 318 2784 et
337 2739 443 2799 mss.;
464 2712 685 2810 congregatio
705 2713 848 2786 censuit.
865 2742 883 2783 a
900 2711 996 2785 Conl.

143 2824 258 2898 Rocea
279 2825 303 2896 l.
320 2851 350 2898 c.
366 2841 399 2900 et
422 2827 581 2926 superius
605 2825 649 2900 ad
671 2827 786 2913 XVIII,
806 2829 840 2898 Ε.
857 2827 943 2913 XIX,
961 2828 995 2896 1.

198 2943 258 3012 tta.
271 2939 370 3011 dedit
388 2965 427 3013 eu
445 2942 605 3014 Rebeccae
619 2965 684 3038 pro
700 2943 1002 3014 munere-*Iova-

144 3054 287 3128 nienses
317 3069 434 3129 neunt
463 3053 582 3138 hebr,
611 3056 746 3142 chald,
780 3081 937 3152 graecum
969 3072 1002 3130 et

144 3195 255 3244 unum
280 3171 356 3256 cod.
378 3172 520 3268 latipum
544 3172 655 3268 legera
674 3187 803 3244 tantum
825 3171 915 3245 dedit
938 3171 1004 3244 Ile-

146 3288 273 3364 beccoe.
300 3289 381 3362 Cod.
408 3291 435 3362 Ε
461 3291 627 3386 integrum
651 3287 854 3363 versiculum
879 3289 929 3362 sie
953 3288 1003 3360 el-

147 3407 217 3480 Iert
230 3407 438 3502 Prolatispue
454 3431 589 3476 munera
604 3404 762 3478 Rebeccae
779 3405 1002 3503 fratribusque

145 3535 181 3594 et
204 3522 308 3592 metri
326 3521 395 3591 eius
419 3518 548 3590 obtulit.
570 3521 636 3592 Pro
656 3543 712 3604 ec,
728 3519 826 3592 codd.
845 3513 887 3606 C,
903 3520 945 3606 D,
961 3519 998 3605 F,

147 3636 193 3720 G,
219 3632 267 3720 O,
290 3636 328 3720 Τ,
351 3635 517 3732 Repertus
541 3632 657 3730 legunt
679 3657 757 3719 ece,·
779 3634 859 3706 item
881 3634 1001 3707 codN

147 3750 208 3823 ubi
230 3749 424 3822 adnotatur:
445 3749 568 3824 «Sicut
585 3775 689 3848 supra
708 3773 784 3847 cap.
803 3751 899 3844 l.=(v.
917 3749 998 3844 11.)

148 3864 279 3964 »quod
304 3863 427 3937 dic-itur
450 3889 506 3938 eoa
532 3865 743 3964 supponebat
768 3865 909 3938 relatum
936 3889 1002 3938 non

149 3978 298 4054 »solum
318 3978 361 4052 ad
380 3979 509 4063 stelles,
531 3979 592 4052 sed
614 3979 657 4052 ad
685 3982 881 4065 londoardo,⁴
902 3982 953 4054 sie
971 3995 1004 4055 et

150 4127 168 4164 ι
184 4096 245 4170 hic
266 4095 357 4193 quod
377 4094 503 4167 dicitur
516 4121 573 4167 eos
593 4094 767 4168 adomnia
787 4096 944 4170 refertur:
961 4096 1006 4167 si·

149 4243 166 4280 s
183 4211 313 4284 militer
328 4236 467 4310 prorsus
481 4211 581 4282 Daut.
593 4211 739 4283 XXVIII.
756 4213 806 4305 (r.
819 4213 899 4305 15.)
915 4235 1006 4282 men·

148 4357 166 4396 r
183 4327 266 4398 duta
281 4328 350 4397 eiua
365 4339 396 4396 et
411 4328 617 4411 ceremoniae,
631 4351 713 4423 quos
726 4351 784 4424 epo
796 4328 1001 4424 praecipio.»

196 4439 286 4512 Ibid.
302 4441 640 4539 [ratribus-Petrus
655 4441 748 4513 (lom.
759 4441 878 4539 fratri·
889 4463 1005 4537 margo

148 4555 238 4628 ltibt.
256 4555 381 4629 Loran.
398 4569 490 4629 notat
509 4555 555 4628 ita
573 4553 638 4652 legi
659 4555 694 4626 in
714 4553 827 4641 hebr,
844 4554 956 4628 chald.
973 4573 1007 4629 et

149 4693 291 4767 graeco;
308 4669 412 4768 idque
426 4669 616 4742 confirmari
633 4668 767 4742 videtur
781 4695 821 4742 ex
835 4662 1002 4742 verslre.

148 4783 239 4856 Hinc
261 4799 464 4856 correctores
485 4783 535 4854 Pii
551 4783 591 4854 V.
609 4783 696 4855 inter
717 4807 755 4856 se
776 4783 1007 4885 discrepantes

148 4899 346 4974 haerebant.
370 4899 525 4972 Attamen
545 4898 677 4996 Vulgati
703 4893 802 4972 lectio
827 4900 1009 4974 confirma-

148 5033 205 5088 tur
231 5041 252 5087 a
278 5041 375 5114 syro,
405 5031 507 5114 atque
532 5013 684 5088 Schultio
709 5013 880 5111 pmbatur.
906 5013 1002 5088 Gens.

147 5157 239 5206 vere.
262 5133 320 5202 55.
342 5146 375 5204 et
401 5134 476 5215 ou,
498 5146 533 5202 et
551 5130 697 5217 XXVIII,
720 5133 771 5217 2.,
793 5145 826 5202 et
850 5128 1002 5204 Holmes.

148 5247 269 5320 latina
294 5247 466 5346 interpret.
490 5245 686 5320 samaritani
710 5261 820 5320 textus
846 5245 881 5318 in
905 5244 1007 5346 polp-

150 5361 265 5458 glottis
286 5363 444 5459 exprimit
464 5389 557 5434 num.
574 5361 665 5462 plur.

200 5477 260 5547 54.
282 5475 580 5563 Inito-Sirini,
597 5473 698 5548 codd.
713 5473 758 5561 A,
774 5474 817 5562 G,
838 5475 880 5562 ll,
902 5476 941 5562 Ε,
964 5473 1001 5561 Ε,

151 5589 195 5676 Ε,
221 5589 269 5676 Ε,
294 5590 338 5676 Ε,
363 5592 402 5677 S,
425 5591 467 5678 Τ,
493 5590 580 5662 bibl.
605 5589 747 5675 Ordin.,
773 5589 903 5688 priores
925 5588 1003 5662 edd.

152 5703 236 5778 Ilob.
254 5704 388 5803 Steph.,
409 5703 483 5791 all.,
506 5703 685 5777 Guibertus
707 5703 877 5804 Initoque,·
895 5703 1011 5778 conci-

152 5831 239 5892 nunt
257 5816 370 5907 hebr,
387 5843 527 5918 graecus
547 5834 582 5891 et
600 5819 737 5920 reliqui.

1076 2266 1164 2326 tacet
1184 2265 1231 2324 ut.

1127 2371 1185 2440 55.
1211 2365 1729 2471 Responderuntque-Sixtiui,
1754 2369 1853 2443 codd.
1878 2370 1922 2455 A,

1077 2479 1120 2566 C,
1136 2480 1177 2567 D,
1200 2482 1244 2569 Ε,
1266 2483 1302 2568 Ε,
1321 2481 1363 2566 G,
1380 2481 1427 2568 H,
1445 2481 1490 2568 0,
1508 2479 1552 2568 Ε,
1568 2483 1608 2568 S,
1624 2479 1667 2569 Τ,
1683 2469 1769 2556 bibl.
1786 2481 1923 2572 Ordin.,

1077 2593 1190 2693 Ilugo,
1206 2596 1279 2682 all,
1297 2593 1475 2670 Guibertus
1496 2595 1751 2693 Respondewnt.

1126 2711 1215 2783 Ibid.
1245 2713 1367 2811 [ratres
1387 2751 1437 2766 --·
1456 2713 1540 2784 Ileic
1572 2712 1692 2784 iterum
1725 2729 1928 2788 correctores

1077 2828 1126 2900 Pii
1152 2827 1190 2898 V.
1215 2826 1281 2925 ipsi
1310 2827 1376 2900 sibi
1402 2826 1650 2925 discrepabant.
1673 2829 1781 2902 Codd.
1807 2830 1849 2916 L,
1873 2829 1925 2915 II,

1078 2943 1165 3028 N*,
1192 2941 1278 3014 bibl.
1303 2941 1444 3028 Ordin.,
1469 2943 1566 3040 neg,
1589 2943 1670 3016 Van.
1694 2946 1823 3031 tito,
1846 2943 1922 3032 all,

1077 3059 1174 3132 Brev.
1191 3055 1291 3131 Goth.
1306 3057 1331 3129 l.
1348 3081 1378 3132 c.
1395 3059 1516 3156 [rotem
1532 3059 1612 3131 item
1633 3057 1813 3133 hebraeus.
1829 3061 1928 3136 Nico*

1077 3171 1152 3246 laus
1178 3173 1221 3246 de
1246 3173 1320 3246 lira
1346 3172 1478 3248 scribit:
1499 3175 1565 3244 «Si
1586 3189 1696 3246 autem
1722 3175 1828 3274 aliqui
1849 3175 1926 3249 libri

1080 3287 1243 3360 »habent
1267 3287 1324 3362 hic
1347 3288 1489 3386 fratrer,
1518 3287 1605 3362 lalsa
1629 3302 1681 3361 est
1705 3287 1827 3362 littera.
1848 3320 1866 3360 u
1887 3291 1930 3365 At

1079 3397 1201 3501 reliqui
1228 3403 1327 3476 codd.
1348 3418 1381 3476 et
1399 3402 1524 3476 multae
1548 3401 1627 3476 edd.
1648 3431 1725 3476 cum
1751 3431 1872 3502 graeco
1896 3425 1930 3480 et

1079 3538 1161 3616 syro
1180 3515 1344 3615 pluralem
1366 3540 1543 3592 numerum
1565 3517 1807 3617 praescierunt.
1829 3521 1924 3594 Geni.

1078 3656 1168 3707 vers.
1185 3635 1243 3706 53.

1127 3747 1214 3821 Ibid.
1235 3747 1351 3824 saltem
1365 3750 1471 3822 decem
1486 3749 1760 3848 dies-Egregia
1776 3751 1861 3826 baec
1878 3769 1930 3826 est

1079 3864 1276 3965 Hieronymi
1301 3865 1548 3964 interpretatio,
1573 3865 1679 3965 ‘quem
1703 3881 1819 3940 contra
1844 3868 1929 3941 alios

1080 3979 1194 4080 plures
1219 3997 1348 4054 veteres
1374 3982 1572 4080 interpretes
1599 3981 1770 4080 praeclare
1798 3997 1931 4056 mentor

1080 4093 1161 4168 boni
1181 4093 1304 4180 critici,
1321 4109 1422 4194 atque
1443 4095 1586 4192 ipsemet
1605 4095 1768 4168 Gesenius
1789 4095 1827 4167 de
1845 4097 1932 4169 Peu⁴

1082 4223 1141 4280 tat.
1158 4233 1280 4280 remor.
1299 4235 1335 4306 p.
1356 4213 1421 4280 51.
1438 4208 1520 4282 Cod.
1536 4207 1562 4280 E
1586 4225 1671 4282 tacet
1694 4209 1775 4282 dies.
1791 4209 1932 4284 Guiber—

1081 4337 1137 4396 tus
1156 4323 1238 4420 legit
1255 4324 1371 4395 saltem
1391 4323 1499 4394 decem
1519 4323 1643 4395 diebos.

1131 4441 1191 4510 55.
1212 4463 1261 4509 me
1279 4439 1416 4508 retinere
1428 4436 1565 4508 -bibl
1583 4437 1703 4511 Ordin.
1719 4463 1769 4508 rna
1789 4453 1904 4509 tenere.

1131 4551 1218 4624 Ibid.
1240 4551 1564 4625 uineae-codd.
1579 4553 1621 4640 l),
1639 4551 1683 4638 Ε,
1704 4551 1790 4624 Ilibl.
1807 4548 1927 4626 Ordin.

1081 4666 1221 4739 dimitte.
1238 4666 1290 4739 CI.
1308 4692 1341 4739 v.
1360 4667 1418 4738 51.

1132 4784 1191 4853 b'l.
1215 4779 1262 4853 Et
1285 4779 1442 4854 diecmnt
1460 4819 1507 4837 ·-—
1523 4781 1665 4868 Sixtini,
1691 4781 1789 4856 codd.
1814 4783 1861 4870 A,
1886 4778 1929 4868 C,

1083 4897 1125 4984 Ι),
1142 4899 1186 4985 Ε,
1202 4897 1240 4983 Ε,
1256 4896 1299 4984 G,
1317 4897 1363 4985 Ε,
1379 4897 1424 4984 N,
1440 4898 1479 4983 Τ,
1499 4896 1585 4969 bibl.
1602 4895 1739 4985 Ordin.,
1760 4896 1858 4994 Hugo
1883 4913 1933 4972 ta-

1082 5028 1159 5089 cent
1177 5015 1235 5086 Et.

1133 5131 1192 5200 58.
1213 5127 1380 5202 sciscitati
1392 5143 1517 5200 ecnt-
1526 5128 1704 5202 Guibertus
1718 5128 1814 5201 addit
1829 5127 1934 5200 dicem

1084 5259 1147 5330 tee,·
1162 5243 1252 5342 quod
1273 5243 1308 5314 in
1331 5241 1448 5316 00le
1472 5243 1654 5341 respuitur.

1133 5361 1191 5431 55.
1213 5362 1372 5432 nutricem
1395 5359 1645 5433 ittiur--God
1663 5359 1704 5445 L,
1730 5358 1932 5455 posteriores

1083 5473 1161 5546 edd.
1182 5473 1266 5547 Rob.
1287 5473 1426 5572 Steph.,
1446 5499 1562 5569 margo
1585 5473 1671 5544 Br'bl.
1693 5471 1800 5568 lugd.
1821 5473 1929 5542 1555.

1082 5591 1241 5661 nutricem
1267 5589 1360 5661 illies
1386 5588 1565 5672 Deberem
1589 5586 1688 5660 codd.
1712 5587 1739 5656 N
1761 5587 1783 5632 ²*
1803 5588 1839 5657 1.
1862 5603 1930 5670 Μ,

1083 5703 1128 5791 Ε,
1147 5704 1187 5792 S,
1207 5703 1293 5777 Bibl.
1310 5702 1416 5802 lugd.
1434 5705 1541 5774 1513.
1559 5703 1667 5773 1522.
1684 5700 1741 5772 all.
1759 5699 1934 5772 Delborom

1082 5819 1241 5892 nutricem
1255 5817 1361 5891 illius.
1372 5817 1499 5892 Cedo
1520 5829 1611 5893 notat
1624 5812 1826 5902 hebraeum,
1841 5837 1935 5913 grue·
