4804 6692
460 517 587 588 xxxvi
1205 517 1520 594 pacisculum

462 699 480 738 ι
493 696 649 750 ancora
677 686 887 763 scorretta,
914 686 1084 750 tentasse
1110 668 1213 748 Sisto
1241 668 1291 750 da
1317 670 1358 750 se
1383 669 1596 750 medesimo
1620 669 1660 750 di
1688 673 1953 780 correggerla,
1978 699 2137 782 appcna
2159 674 2261 780 perb

461 792 596 872 »fatte
623 793 752 900 poche
784 793 1022 886 correzioni,
1051 820 1181 872 venne
1209 794 1286 900 egli
1320 793 1423 874 dalla
1451 812 1579 874 rnorte
1610 821 1822 902 oppresso,
1844 796 2007 876 onde'il
2038 823 2261 878 successore

464 915 545 994 »di
573 916 630 993 lui
653 915 850 1022 Gregorio
868 915 977 994 XIV.
1000 913 1117 1000 dicde
1139 936 1408 996 nuoramente
1435 918 1461 996 l'
1475 919 1737 998 incumbenza
1761 917 1813 998 ad
1838 919 1971 998 alcuni
1995 917 2212 1019 Cardinali,
2237 947 2263 999 e

464 1039 553 1119 »ad
582 1039 672 1118 altri
702 1039 853 1118 uomini
882 1037 1091 1118 dottissimi
1114 1065 1186 1143 per
1209 1039 1246 1118 la
1270 1040 1390 1118 totale
1413 1041 1541 1145 giusta
1563 1041 1810 1138 correzione,
1834 1040 1872 1120 la
1894 1042 2013 1148 quale
2037 1044 2259 1148 compiuta,

462 1163 545 1242 »fu
578 1165 715 1271 poscia
750 1162 839 1244 data
873 1165 948 1242 alla
980 1181 1130 1270 stampa
1165 1162 1225 1240 sul
1258 1163 1458 1270 principio
1492 1162 1555 1242 del
1587 1165 1822 1270 pontificato
1854 1163 1895 1244 di
1923 1167 2122 1280 Clemente
2149 1167 2259 1245 VIII.

462 1317 485 1362 s·
502 1288 647 1367 l’anno
672 1291 785 1396 159'2.
804 1322 823 1362 s
846 1287 1006 1388 (Casim.
1022 1287 1243 1393 Tempesti,
1260 1287 1398 1367 Storia
1417 1288 1527 1367 della
1546 1290 1626 1368 vita
1643 1289 1689 1367 di
1704 1289 1815 1370 Siste
1837 1293 1889 1368 V.
1909 1307 2005 1368 tom.
2029 1319 2068 1370 a.
2091 1290 2163 1369 lib.
2186 1291 2257 1368 IV.

459 1440 568 1489 num.
597 1413 658 1491 18.
681 1430 720 1491 et
748 1414 860 1518 seq.)
889 1410 1187 1491 Animadvertat
1215 1412 1373 1491 interim
1400 1413 1524 1492 lector
1551 1412 1756 1518 quomodo
1782 1413 1941 1493 sibimet
1965 1412 2007 1491 hi
2031 1412 2113 1493 duo
2140 1416 2262 1494 histo-

458 1536 530 1614 rici
559 1553 802 1641 repugnent;
828 1534 980 1640 singula
1007 1561 1144 1614 eorum
1166 1553 1312 1615 asserta
1334 1564 1479 1644 porro,
1506 1554 1701 1643 quantum
1724 1538 1878 1616 veritati
1901 1539 2139 1618 cohaereant
2163 1537 2263 1616 inle-

460 1659 543 1738 rius
569 1656 806 1756 videbimus3
829 1688 939 1739 nunc
961 1657 1106 1739 adalia
1125 1660 1349 1739 testimonia
1372 1661 1632 1768 proferenda,
1654 1660 1874 1768 etquidem
1895 1663 2135 1768 scriptorum
2158 1662 2263 1741 eius·

459 1781 546 1862 dem
575 1784 784 1890 temporis,
810 1811 892 1889 qno
920 1784 1016 1861 baec
1045 1781 1212 1878 fiebant,
1239 1783 1517 1892 procedamus.

1303 1973 1337 2070 g,
1368 1969 1419 2046 x.

832 2129 1027 2212 Gltislerii
1054 2149 1090 2210 et
1118 2129 1366 2210 Bellarmint'
1392 2130 1440 2208 de
1467 2131 1545 2208 hnc
1572 2157 1611 2208 rc
1637 2131 1887 2210 assertiones.

567 2289 758 2389 Quamvis
787 2295 911 2398 prima
940 2291 1072 2372 fronte
1099 2291 1275 2398 Angelus
1301 2293 1431 2370 Rocca
1458 2287 1642 2393 videatur
1669 2292 1720 2384 is,
1747 2319 1769 2368 a
1797 2317 1880 2396 quo
1907 2289 2125 2393 pleniorem
2153 2286 2265 2364 istius

461 2430 626 2495 eventus
653 2416 830 2495 notitiam
849 2443 1008 2522 sperare
1029 2414 1262 2514 debeamus3
1285 2417 1361 2522 ipsi
1382 2416 1508 2510 enim,
1533 2417 1564 2494 si
1585 2417 1649 2495 cui
1676 2415 1844 2494 maxime
1863 2441 1925 2492 res
1947 2412 2119 2519 perfecte
2146 2410 2267 2487 inno-

462 2540 560 2634 t'nit,
582 2567 673 2618 cum
697 2540 738 2616 in
766 2537 943 2620 eiusdem
970 2539 1095 2617 oculis
1114 2567 1137 2617 e
1155 2538 1292 2618 codice
1318 2538 1516 2619 caraliano
1535 2537 1772 2646 deprompta
1791 2539 1842 2617 sit
1859 2535 1983 2616 editio
2008 2534 2177 2627 sixtina,
2201 2531 2267 2610 cui

462 2662 711 2770 impressioni
738 2660 843 2740 idem
869 2660 1069 2758 interluit3
1095 2679 1266 2741 attamen
1289 2661 1339 2741 dc
1359 2678 1452 2741 ortu
1478 2663 1604 2768 ipsius
1631 2661 1836 2755 editionis,
1859 2648 2182 2766 deque'interitu
2209 2654 2265 2734 al-

463 2804 548 2867 tum
570 2787 719 2892 ubique
742 2785 937 2864 silentium
959 2802 1043 2863 tum
1063 2783 1104 2862 in
1127 2786 1209 2863 suis
1231 2785 1529 2891 manuscriptis,
1551 2812 1654 2890 quae
1677 2785 1816 2863 saltem·
1835 2781 1971 2861 videre
1989 2777 2267 2872 facultasiuit,

462 2929 546 2990 ttrm
574 2911 617 2987 in
645 2909 759 2988 editis
786 2910 973 3016 operibus
1000 2907 1326 3014 deprehenditur.
1356 2909 1506 3003 lmmo,
1535 2907 1676 3013 paucis
1700 2905 1914 2986 admodum
1943 2905 2118 3011 exceptis
2144 2901 2265 2995 locis,

463 3034 533 3113 ubi
556 3027 708 3113 sixtum
729 3033 908 3113 nominat
931 3031 1185 3112 damnantem
1209 3034 1328 3112 verba
1351 3031 1393 3110 in
1412 3030 1583 3138 Vulgata
1605 3031 1822 3126 adscititia,
1845 3029 2186 3137 quandocumque
2210 3053 2269 3106 sa·

464 3185 571 3238 cram
587 3155 807 3237 Bibliorum
826 3157 1182 3261 Congregationem
1205 3156 1404 3251 nominat,
1426 3157 1689 3264 posteriorem
1712 3155 2006 3261 gregorianam,
2028 3154 2144 3232 cuius
2163 3149 2270 3230 idem

465 3281 595 3360 fuerat
612 3297 651 3359 et
668 3280 875 3360 consultor
892 3296 932 3358 et
950 3281 1203 3374 secretarius,
1225 3277 1306 3358 fere
1325 3307 1481 3385 semper
1499 3279 1703 3385 intelligit:
1725 3295 1765 3359 ct
1783 3278 1855 3360 ubi
1872 3275 2189 3358 emendationem
2208 3275 2271 3353 ali·

465 3427 585 3513 qnam
610 3403 995 3513 Congregationibus
1016 3402 1222 3509 pluraliter
1240 3403 1399 3496 tribuit,
1423 3403 1527 3482 inter
1552 3421 1765 3509 utramque
1783 3402 1882 3480 nibil
1906 3401 2131 3508 distinguit,
2159 3425 2271 3478 secus

465 3550 510 3608 ac
530 3528 696 3607 Toletus
717 3544 912 3635 perpetuo
940 3525 1091 3604 fecerit.
1117 3523 1409 3631 (Conferantur
1436 3546 1560 3606 notae
1579 3528 1793 3609 Collationi
1821 3544 1979 3606 nostrae
2001 3522 2271 3632 suppositae.)

466 3645 574 3730 Nihil
598 3653 720 3758 igitur
743 3651 847 3730 circa
872 3649 996 3729 fatum
1020 3649 1187 3728 sixtinae
1213 3650 1400 3730 editionis
1422 3681 1445 3730 a
1468 3655 1598 3730 Rocca
1624 3650 1824 3731 discimus.
1852 3651 1908 3755 (ι)
1931 3649 2177 3729 Ghisleriana
2200 3675 2273 3754 po-

466 3778 544 3855 tius
570 3774 899 3856 consulendaest
931 3774 1123 3853 narratio:
1149 3807 1169 3847 a
1188 3773 1252 3853 Ad
1280 3773 1400 3854 finem
1430 3773 1590 3854 tandem
1621 3773 1785 3882 (scribit
1816 3774 1885 3852 hic
1909 3789 2050 3852 auctor
2076 3770 2270 3874 coaevus)

469 3891 597 4007 s'ipsa
621 3899 743 3981 totius
760 3899 916 3978 Veteris
938 3897 1124 4005 Notique
1145 3897 1388 3978 Testamenti
1411 3897 1607 4005 producta
1630 3916 1689 3978 est
1711 3896 1956 3991 emendatio,
1978 3923 2098 4004 quam
2120 3920 2273 3975 summo

470 4043 491 4098 a·
512 4023 696 4103 Pontifici
713 4021 827 4102 Sixto
841 4021 894 4099 V.
911 4021 1058 4100 obtulit
1078 4020 1264 4100 idcmmct
1282 4019 1506 4100 Cardinalis-
1521 4021 1676 4100 Carafa.
1698 4019 1882 4101 Ceterum
1901 4022 1985 4127 ipse
2002 4020 2139 4098 Sixtus
2157 4021 2200 4096 P.
2217 4018 2271 4096 Μ.

469 4165 600 4226 acum
619 4173 694 4254 per
712 4174 796 4225 eam
816 4144 1131 4225 emendationem
1156 4144 1251 4239 sibi,
1274 4160 1320 4223 ut
1342 4145 1495 4223 bomini
1513 4145 1555 4223 in
1575 4145 1809 4226 scholastica
1831 4144 2050 4250 theologia,
2072 4144 2275 4250 magisque

469 4303 491 4347 s
514 4273 555 4350 in
578 4271 805 4377 linguarum
837 4269 976 4377 peritia
1009 4285 1184 4363 versato,
1208 4267 1317 4347 haud
1346 4268 1587 4349 satisfactum
1619 4267 1864 4374 plerisque
1854 4295 1897 4346 m
1932 4265 2151 4346 Bibliorum
2179 4265 2277 4345 locis

472 4412 747 4488 »censuisset
770 4421 820 4472 ex
844 4393 1011 4500 proprio
1035 4407 1175 4487 marte,
1198 4391 1402 4471 humiliter
1424 4391 1479 4472 illi
1502 4390 1725 4533 refragante
1744 4388 1946 4471 Cardinali
1968 4389 2125 4486 Carasa,
2146 4415 2278 4469 corre·

465 4495 518 4626 ἦ»
514 4533 616 4600 ctam
636 4515 877 4656 Vulgatam
866 4545 909 4598 ιιι
930 4515 1058 4596 lucem
1077 4517 1258 4595 vaticana
1278 4515 1404 4595 emisit
1426 4516 1697 4624 impressione.
1717 4513 1891 4594 Tametsi
1911 4532 1952 4594 et
1973 4513 2017 4594 in
2040 4515 2117 4594 hoc
2140 4512 2276 4592 diviua

467 4672 497 4718 a
514 4639 766 4750 providentia
790 4639 934 4718 mirum
956 4641 998 4719 in
1022 4638 1186 4719 modum
1210 4639 1356 4737 eluxit,
1380 4667 1471 4718 cum
1499 4639 1553 4718 ob
1577 4639 1832 4746 repentinum
1860 4637 1955 4718 dicti
1979 4667 2120 4718 suman
2109 4638 2278 4717 Ροιιιί-

466 4793 492 4858 3»
514 4764 596 4844 licis
622 4763 776 4842 obitum
801 4760 986 4868 impedita
1015 4762 1133 4841 fuerit
1160 4789 1297 4841 corum
1320 4763 1585 4870 promulgatio
1605 4761 1838 4854 Bibliorum.
1860 4795 1878 4836 a
1899 4760 2162 4841 Bellarminus
2188 4777 2279 4841 tan-

482 5023 487 5034 ’
576 5017 613 5079 (ι)
631 5014 763 5070 Αιιιιιιιιι
786 5010 912 5084 Angelus
936 5011 1061 5070 itocca'
1052 5027 1082 5068 m
1107 5013 1206 5070 indice
1229 5010 1337 5068 ticcio
1413 5037 1425 5060 ι
1446 5012 1521 5086 typis
1534 5012 1661 5070 mandari
1677 5012 1937 5086 iussit;.sedpraali
1954 5014 2021 5070 vitio
2037 5011 2109 5072 illud
2123 5012 2218 5085 ipsum
2231 5012 2281 5070 ite

471 5105 535 5173 pico
553 5105 583 5158 et
600 5101 774 5174 scripturali
792 5102 882 5174 (Opp.
898 5107 967 5158 mm
983 5109 1010 5157 ι.
1025 5117 1052 5173 p.
1068 5106 1150 5171 to.,)
1165 5101 1210 5159 sic
1225 5101 1336 5159 scribit:
1412 5121 1426 5150 υ
1446 5108 1506 5157 sata
1526 5100 1673 5174 diligentia
1694 5099 1812 5173 dignum
1834 5101 1945 5160 sensuit
1963 5108 1992 5158 ct
2010 5101 2064 5158 aab
2081 5097 2214 5158 incudem
2234 5114 2280 5158 re·

473 5191 546 5246 «Ex
569 5189 739 5248 sacrosancti
762 5189 877 5246 concilii
900 5187 1046 5246 tridentini
1068 5187 1180 5248 decreto
1202 5189 1269 5246 Pius
1289 5191 1336 5244 lV.
1412 5211 1426 5240 ι
1446 5189 1602 5248 vocandum
1618 5187 1749 5248 decrevit.
1770 5189 1803 5248 ld
1819 5190 1897 5264 quod
1913 5188 2041 5262 Gregorii
2058 5189 2134 5246 xiv.
2148 5189 2228 5246 iussu
2244 5187 2280 5246 ad

472 5289 487 5328 ι’
506 5279 538 5334 Ρ
552 5279 593 5334 M.
608 5293 658 5352 pro
676 5293 726 5336 sua
748 5280 779 5335 in
799 5293 897 5336 omues
914 5277 1048 5336 cooloeiae
1067 5285 1158 5351 partas
1181 5276 1339 5335 incredibili
1412 5301 1428 5328 ι
1450 5287 1573 5336 mentem
1591 5279 1659 5336 Sixti
1677 5281 1710 5336 V.
1727 5281 1918 5351 recognitum,
1931 5278 1985 5336 suh
2003 5278 2116 5336 initium
2136 5277 2282 5350 pontifica-

466 5380 486 5416 n
506 5364 668 5438 vigilantia,
681 5365 842 5424 lectissimis
860 5366 969 5438 aliquot
986 5367 1015 5422 S.
1030 5367 1066 5422 a.
1082 5368 1114 5421 E.
1128 5364 1338 5432 cardinalibus,
1415 5390 1427 5416 .
1448 5374 1496 5424 tus
1512 5367 1665 5424 Clementis
1676 5369 1753 5424 Vlil.
1770 5371 1830 5424 Deo
1843 5367 1921 5424 bene
1932 5363 2197 5434 iurante,ciusdam
2211 5363 2282 5422 Sixti

467 5453 699 5528 s'aliisquatum
712 5455 854 5512 uerar'um
871 5454 1043 5524 litterarum,
1055 5461 1116 5512 tum
1131 5456 1274 5512 ιιιιιιιιιιι
1287 5455 1341 5512 lin·
1414 5479 1427 5506 ι
1447 5456 1630 5530 inscrIptiooe
1651 5457 1682 5514 iu
1705 5459 1797 5516 lucens
1820 5455 1935 5529 prodiit.
1956 5455 2033 5527 Quid
2053 5461 2148 5512 autem
2171 5453 2204 5510 in
2229 5455 2282 5510 nac

466 5569 485 5600 ,ι
505 5557 626 5618 guarum
650 5543 825 5615 pendssirnis
847 5543 914 5600 vnis
940 5543 1014 5601 hanc
1036 5541 1205 5601 amandandi
1228 5544 1340 5617 provin·
1413 5567 1427 5598 ι
1448 5546 1567 5618 Vulgata
1585 5545 1741 5604 Bibliorum
1760 5544 1883 5602 aditiom
1902 5545 2067 5618 praestitam
2084 5543 2135 5612 sit,
2151 5543 2184 5600 in
2201 5557 2282 5616 prac-

472 5657 486 5683 ι
507 5634 579 5690 ciam
597 5629 785 5688 demandavit.
805 5631 898 5688 Huius
914 5633 1024 5704 genera
1042 5632 1203 5690 institutum
1223 5633 1291 5690 Pius
1307 5635 1341 5690 V.
1417 5657 1431 5684 υ
1450 5631 1572 5705 latione,¹
1588 5651 1660 5708 quae
1678 5633 1714 5692 ad
1735 5633 1855 5690 iconum
1875 5631 2038 5692 corumdem
2057 5631 2214 5688 Bibliorum
2234 5647 2282 5688 es·

474 5727 671 5794 »prosecutus
688 5727 747 5777 est:
767 5719 844 5793 quod
863 5717 965 5777 deinde
983 5719 1022 5776 ob
1039 5721 1129 5778 varias
1148 5719 1338 5793 gravissimas·
1414 5745 1426 5774 ι
1446 5732 1517 5793 stat,
1538 5724 1631 5781 ridere
1649 5731 1701 5780 est.
1715 5745 1728 5772 ιι
1741 5723 1846 5780 Vamm
1866 5739 1939 5796 qnae
1960 5723 2013 5780 boc
2032 5722 2095 5779 loco
2115 5720 2151 5777 ab
2172 5720 2284 5792 Angeia

474 5824 487 5858 ι
507 5811 561 5882 qia
579 5807 845 5882 sedisapostolicae
862 5807 1058 5883 occupationes
1075 5807 1240 5867 iamdudum
1261 5809 1344 5867 inter·
1407 5813 1506 5869 ¹iiocca
1530 5810 1682 5890 traduntur
1698 5818 1791 5882 aperta
1809 5809 1932 5870 derirma
1955 5810 2042 5868 fuisse
2066 5827 2098 5868 es
2117 5807 2281 5867 Bellarmini

475 5898 644 5967 unicum,
658 5898 752 5956 sistus
766 5900 801 5954 V.
814 5898 963 5956 revocarit:
978 5907 1093 5972 etopus
1110 5899 1165 5956 ιιιιι
1185 5899 1343 5980 coniectum
1417 5899 1588 5972 praelatione
1607 5913 1690 5956 uerno
1707 5897 1831 5970 negabit.
