4804 6692
478 523 531 596 tx
1226 517 1542 598 PROLEGOMENA

476 674 538 752 nis
568 701 670 781 opus
700 673 887 780 prosequi
916 672 1148 780 (probabile
1169 671 1330 752 videtur
1355 671 1538 754 nondum
1557 671 1866 752 Pentateuchum
1890 671 2116 754 absolutum
2140 669 2278 770 faisse,

477 795 586 904 quod
606 823 653 874 ex
674 823 795 902 supra
815 798 1027 876 enunciata
1049 797 1334 904 supputatione
1353 799 1544 904 temporis
1563 799 1605 876 iu
1628 795 1880 876 emendando
1901 797 2068 877 Genesis
2086 798 2191 877 libro
2211 799 2281 876 irn-

476 922 587 1028 pensi
612 921 918 1027 consequitur);
939 948 1076 1001 verum
1095 947 1186 999 cunr
1205 947 1339 1026 neque
1357 939 1536 1028 suscepta
1560 918 1770 999 methodus
1795 920 1988 999 universis
2006 921 2200 1000 hactenus
2222 947 2280 999 sa-

474 1044 681 1138 tisfecerit,
704 1044 896 1150 integram
924 1045 1218 1151 castigationem
1247 1043 1299 1121 ab
1327 1044 1441 1122 initio
1469 1071 1679 1123 resumere.
1706 1042 1783 1123 Sed
1806 1044 1881 1122 iarn
1910 1043 1961 1123 de
1989 1065 2120 1122 mense
2148 1041 2281 1150 deque

473 1169 581 1265 loco,
604 1195 688 1274 quo
708 1169 819 1274 operi
840 1165 1090 1274 perficiundo
1112 1168 1338 1271 congregati
1358 1184 1469 1263 sunt,
1491 1195 1618 1274 pauca
1644 1165 1848 1246 addamus.
1871 1166 2219 1266 Quemadmodum
2244 1183 2282 1246 et

473 1290 734 1370 Bellarminus
752 1307 792 1368 et
807 1289 1029 1368 Ghislerius
1048 1289 1127 1396 sibi
1144 1290 1399 1368 consentiunt
1418 1291 1457 1368 in
1479 1290 1708 1368 nominibus
1726 1308 1994 1369 correctorum
2014 1288 2278 1395 proferendis

472 1416 608 1494 saltem
635 1411 770 1520 quoad
794 1414 1031 1520 praecipuos
1054 1413 1232 1508 illorum,
1254 1414 1307 1491 ita
1329 1415 1444 1492 etiam
1467 1415 1509 1491 in
1534 1411 1778 1520 designando
1799 1414 1903 1493 loco.
1930 1399 2135 1522 Oppidum
2159 1415 2281 1522 siqui-

473 1538 562 1617 dem
580 1541 622 1618 Z
624 1537 835 1645 agricolum
854 1536 1022 1615 electum
1041 1535 1116 1614 fuit
1134 1565 1156 1615 a
1175 1535 1375 1616 Cardinali
1396 1537 1447 1614 M.
1470 1539 1646 1616 Antonio
1666 1539 1880 1630 Columna,
1904 1566 1986 1645 quo
2007 1566 2171 1645 pergere
2191 1567 2281 1617 cum

474 1664 666 1741 universis
693 1661 775 1739 istis
805 1660 999 1753 decrevit,
1022 1677 1067 1738 ut
1090 1661 1143 1738 ibi
1162 1661 1211 1756 ,in
1234 1660 1399 1739 aedibus
1424 1662 1505 1738 suis
1527 1660 1656 1740 studia
1680 1663 1777 1740 haec
1800 1663 1884 1741 siue
1907 1663 2074 1741 aliorum
2102 1663 2281 1767 negotio·

470 1814 559 1865 rurn
593 1784 906 1893 impedimento,
937 1784 1057 1862 immo
1089 1783 1242 1889 absque
1276 1783 1638 1890 interpellatoribus
1669 1787 1829 1864 tractari
1864 1802 2040 1892 possent.
2075 1786 2206 1884 Quem
2239 1786 2280 1864 in

471 1911 588 1989 linem
607 1910 784 2017 propriis
804 1910 888 2015 ipse
906 1907 1131 2013 sumptibus
1149 1905 1372 1986 Cardinalis
1390 1934 1438 1985 eo
1464 1906 1742 2003 deducendos,
1771 1925 1810 1986 et
1834 1907 1942 2015 apud
1962 1936 2003 1986 se
2022 1906 2129 1988 domi
2150 1909 2281 2015 hospi-

470 2035 546 2132 tio,
568 2062 721 2128 mensa,
743 2032 1058 2140 quotidianaque
1076 2029 1366 2110 consuetudine
1383 2029 1642 2137 excipiendos
1660 2032 1827 2110 curavit.
1853 2031 2113 2112 Profectionis
2135 2034 2281 2112 mensis

470 2158 599 2266 qualis
626 2158 747 2236 fuerit
774 2184 858 2235 non
889 2156 943 2235 ita
972 2155 1085 2234 facile
1114 2181 1165 2233 ex
1194 2153 1393 2232 historicis
1421 2155 1713 2249 monumentis,
1744 2155 1801 2233 uti
1828 2181 1950 2260 supra
1982 2155 2279 2250 innuebamus,

469 2281 695 2360 innotescit.
732 2281 846 2359 quta
879 2279 1124 2358 Ghislerium
1158 2303 1282 2356 verno
1318 2275 1357 2356 id
1392 2294 1572 2382 ternpore
1605 2277 1775 2358 accidit:
1815 2305 1952 2356 verum
1989 2306 2080 2357 eum
2118 2280 2280 2358 nonnisi

469 2405 645 2485 octobris
671 2431 805 2483 mense
832 2406 996 2482 Romam
1026 2402 1275 2510 repetierint,
1298 2400 1533 2479 testantibus
1554 2403 1760 2499 omnibus;
1784 2402 1922 2480 falsum
1950 2403 2024 2480 erit
2047 2403 2088 2479 in
2113 2403 2180 2480 illa
2208 2403 2282 2508 hy-

468 2531 624 2637 pothesi
653 2525 901 2634 undeviginti
921 2525 1004 2606 dies
1023 2527 1209 2604 universo
1238 2525 1331 2603 haio
1349 2526 1461 2630 operi
1489 2524 1730 2604 exantlando
1749 2526 1964 2604 suffecisse.
1992 2527 2041 2604 Et
2067 2543 2201 2605 tamen
2220 2524 2281 2605 di-

468 2669 571 2733 serte
598 2667 843 2760 postremum
870 2653 947 2730 boc
975 2647 1146 2728 traditur
1170 2653 1212 2727 in
1236 2648 1393 2754 saepius
1420 2646 1583 2726 laudato
1611 2665 1791 2727 actorum
1820 2649 1925 2728 illius
1952 2650 2282 2755 Congregationis

468 2778 710 2882 fragmento,
737 2777 851 2855 cuius
878 2775 943 2853 hic
969 2773 1091 2852 verba
1120 2770 1344 2851 exbibenda
1371 2789 1484 2850 snnt:
1511 2772 1615 2850 alsti
1638 2772 1706 2852 illo
1730 2773 1771 2851 in
1797 2773 1887 2851 loco
1913 2789 2024 2851 tanta
2047 2772 2279 2867 sedulitate,

460 2933 489 2976 n
511 2917 672 3008 tamque
699 2899 897 2980 indefesso
925 2898 1208 3002 obstinatoque
1236 2895 1372 2974 labore
1399 2895 1494 2988 toti,
1521 2911 1625 2974 totos
1653 2893 1737 2974 dies
1760 2897 1802 2974 in
1825 2895 1866 2976 id
1891 2897 2007 2975 simul
2035 2925 2138 3003 opus
2167 2899 2281 2976 ineu·

469 3026 654 3118 chaere,
676 3041 722 3103 ut
748 3023 860 3132 quod
889 3024 954 3100 vix
982 3020 1172 3102 credibile
1196 3018 1426 3116 videbatur,
1452 3017 1701 3126 undeviginti
1729 3018 1871 3099 diebus
1901 3037 2115 3124 utrumque
2141 3020 2281 3100 Testa·

470 3181 491 3225 n
513 3165 690 3228 mentum
711 3174 793 3227 non
813 3147 951 3225 leviter
973 3173 1228 3252 percursum,
1250 3142 1318 3222 sed
1342 3142 1626 3250 perdiligenter
1649 3145 1935 3240 examinatum,
1957 3141 2076 3250 quale
2099 3145 2177 3222 iarn
2199 3171 2282 3224 cer-

470 3307 489 3348 s
511 3275 621 3352 nitur
638 3272 745 3379 typis
764 3297 967 3363 excusum,
981 3285 1021 3347 et
1034 3268 1134 3346 Sixti
1144 3268 1194 3346 V.
1208 3269 1370 3346 nornine
1382 3264 1576 3372 (secunda
1595 3293 1734 3360 manus
1753 3263 1897 3344 adiecit
1913 3266 2133 3345 Clementis
2144 3269 2277 3347 VIII.

469 3433 488 3472 n
509 3396 773 3499 auctoritate)
792 3392 1056 3499 divulgatum,
1079 3392 1156 3470 tale
1174 3391 1363 3497 Gregorio
1383 3389 1493 3468 XlV.
1515 3391 1798 3469 exhibuerunt.
1818 3423 1836 3466 s
1858 3392 1958 3471 Cum
1978 3391 2154 3469 narratio
2171 3393 2282 3470 Ghis-

465 3523 615 3599 leriana
642 3515 905 3598 diversimode
932 3514 1058 3611 dicat,
1082 3541 1195 3593 cerno
1219 3515 1367 3594 scilicet
1388 3531 1560 3622 tempore
1577 3515 1671 3593 illuc
1696 3516 1896 3594 secessisse
1919 3532 2181 3610 correctores,
2203 3513 2281 3595 ibi·

467 3671 546 3753 que
569 3645 733 3723 aestivos
761 3669 913 3722 menses
935 3655 1217 3735 commoratos,
1242 3643 1504 3747 repugnantia
1528 3667 1611 3718 nou
1634 3637 1760 3718 videri
1783 3640 1937 3744 nequit.
1966 3638 2080 3738 Quae
2103 3666 2167 3718 res
2187 3640 2280 3747 qui-

466 3767 555 3849 dem
583 3795 665 3846 non
694 3767 851 3846 levioris
869 3782 929 3845 est
947 3765 1136 3843 momenti
1164 3762 1258 3842 dum
1282 3765 1414 3842 animo
1435 3763 1526 3870 quis
1546 3780 1726 3870 reputat,
1752 3763 1915 3842 alterius
1935 3764 2052 3869 pretii
2066 3763 2278 3861 ‚aestimari

464 3891 610 3973 debere
628 3917 695 3969 sex
716 3889 910 3970 mensium
939 3915 1061 3994 opus,
1083 3916 1179 3995 prae
1207 3889 1283 3966 alio
1310 3887 1465 3966 dierum
1486 3886 1745 3966 novendecim
1765 3903 1935 3965 tantum.
1961 3886 2112 3986 Falsum
2132 3911 2216 3994 esse
2236 3887 2279 3966 in

463 4019 540 4097 boo
568 4031 822 4095 memoratam
851 4013 1117 4091 nan-ationem
1146 4009 1240 4090 inde
1268 4012 1458 4119 suspicari
1487 4039 1654 4118 quoque
1686 4039 1923 4118 possumus,
1955 4009 2068 4117 quod
2095 4010 2197 4090 fama
2224 4009 2280 4090 de

463 4138 712 4246 undeviginti
744 4136 887 4216 diebus
914 4134 965 4215 ad
994 4163 1152 4214 manum
1186 4136 1309 4214 veluti
1341 4135 1484 4216 tradita
1518 4152 1654 4214 nostra
1687 4136 1804 4213 etiam
1836 4153 2016 4242 tempora
2047 4137 2275 4242 occupavit.

462 4265 580 4343 Extat
609 4265 651 4341 in
685 4289 733 4344 eo
763 4259 961 4368 siquidem
992 4263 1034 4340 Z
1037 4260 1194 4367 ogaroli
1226 4257 1378 4367 oppido
1408 4260 1594 4340 historica
1628 4259 1834 4365 inscriptio
1864 4259 2050 4338 marmori
2076 4259 2279 4367 insculpta

461 4389 539 4467 hoc
566 4385 670 4466 idern
699 4383 888 4464 referens:
916 4400 956 4464 et
980 4383 1074 4463 lieet
1095 4385 1178 4462 veri
1207 4383 1393 4464 dissimile
1421 4411 1504 4462 non
1530 4385 1581 4462 sit
1603 4411 1625 4463 e
1651 4400 1786 4462 nostro
1814 4383 2033 4488 fragmento
2062 4385 2165 4463 haue
2193 4411 2280 4465 esse

461 4510 742 4618 depromptam
770 4508 1125 4602 circumstantiam
1152 4523 1284 4586 tamen
1313 4536 1395 4587 non
1424 4508 1516 4587 satis
1543 4524 1772 4587 accuratum
1800 4535 1841 4586 se
1870 4507 2055 4615 praebuit
2080 4507 2278 4590 Vezzosus

461 4633 531 4742 qui
559 4632 657 4713 dum
684 4631 943 4738 ghislerianae
971 4631 1190 4710 narrationi
1219 4633 1514 4740 inscriptionem
1543 4633 1675 4726 illam,
1705 4649 1906 4738 tamquam
1934 4633 2110 4712 veritatis
2138 4650 2277 4714 testem

463 4755 674 4852 adnexuit,
700 4754 983 4835 dissonantiam
1011 4755 1237 4834 historicam
1266 4754 1360 4835 inde
1388 4757 1665 4864 exsurgentem
1693 4783 1777 4835 non
1806 4755 2100 4836 animadvertit.
2125 4759 2182 4864 (r)

568 4945 606 5008 (t)
623 4939 686 4996 Non
701 4937 801 4996 inutile
817 4937 871 4996 orit
885 4937 1037 4995 lectoribus
1051 4938 1114 4995 heic
1129 4938 1258 4996 exhibere
1272 4937 1333 4995 lau·

462 5026 544 5084 datae
569 5026 758 5100 inscriptionis
780 5027 959 5100 exemplam,
980 5025 1056 5099 quod
1076 5041 1108 5084 ex
1130 5028 1191 5100 ipso
1209 5029 1330 5098 zagaro-

463 5115 533 5173 lcnsi
552 5125 733 5174 monumento
747 5123 877 5174 acetis-ato
891 5114 1103 5189 descripsimns3
1114 5133 1180 5174 nam
1194 5115 1332 5174 editiones

462 5203 574 5261 Vezzosl
594 5205 636 5271 (l.
657 5221 682 5261 a.
693 5209 725 5275 i,
746 5205 885 5263 macardi
909 5205 1028 5262 Caesoni
1049 5209 1176 5272 (latoria
1193 5207 1225 5263 di
1244 5205 1331 5262 Pate·

461 5296 575 5363 strina,
594 5297 648 5350 IV.
668 5299 731 5362 7.),
748 5295 834 5366 coppi
853 5297 1014 5362 (Memoris
1035 5294 1179 5352 coioanesi
1197 5311 1229 5368 p.
1249 5298 1330 5360 tiit.)

461 5381 637 5454 alionrmque
656 5381 732 5438 haud
751 5382 860 5440 levibus
879 5382 990 5440 mendis
1008 5390 1129 5440 scateat:

467 5507 471 5516 ·
569 5473 727 5542 Gccporim
753 5514 760 5528 .
789 5475 870 5528 XIV.
896 5477 928 5528 P.
955 5475 994 5527 lii.
1007 5476 1100 5528 -De
1124 5514 1131 5527 .
1156 5473 1333 5543 incompta

459 5565 618 5619 Sacrorum
632 5559 812 5616 .Bibiiorarn
826 5603 832 5616 .
845 5564 997 5618 Paritaie.
1008 5559 1199 5618 Sollicitas-
1210 5563 1333 5616 Traiana

462 5649 608 5723 Valqatae
624 5693 630 5706 .
647 5651 791 5706 Editionis
804 5679 840 5694 -
851 5651 973 5707 sedente
988 5693 995 5706 .
1011 5649 1236 5708 praedecessore
1251 5690 1258 5704 .
1271 5653 1330 5706 Sao

461 5739 564 5794 Staio.
581 5743 618 5796 V.
633 5769 670 5782 -
684 5741 772 5813 Typis
788 5779 795 5794 .
811 5740 967 5794 Vaticanis
982 5779 989 5794 .
1004 5737 1199 5810 indiligenter
1214 5779 1221 5794 .
1237 5743 1332 5794 Eaca-

461 5833 614 5884 sam-A
635 5868 642 5883 .
662 5826 798 5885 Pluribus
822 5867 830 5883 .
854 5831 936 5898 Quae
956 5867 963 5880 .
983 5829 1197 5899 irrepserant.
1218 5825 1332 5883 Mandis

463 5917 633 5987 Expuraari
646 5945 683 5962 -
693 5917 876 5990 scotiaeque
890 5958 897 5975 .
912 5917 1032 5976 littori.
1047 5917 1190 5973 tiestitsi.
1205 5918 1332 5974 curavit
1359 5993 1362 6002 Ι

1404 4969 1440 4982 -
1448 4935 1640 4994 Deiectis.1n
1655 4980 1661 4993 .
1675 4941 1759 4994 Hanc
1772 4980 1778 4992 .
1791 4939 2059 5009 Scopam-Atque
2072 4975 2079 4991 .
2091 4935 2278 5008 zagarolum

1403 5031 1519 5084 Missis.
1531 5025 1731 5082 clarissimis.
1743 5029 1869 5082 Viris-
1877 5025 2119 5082 Bartholomaea.
2132 5025 2277 5082 itiiraada

1403 5115 1525 5172 Andrea
1538 5155 1545 5169 .
1558 5115 1870 5172 salvener-Antonio
1885 5155 1891 5168 .
1904 5113 2019 5186 Apellio
2032 5154 2039 5170 .
2053 5113 2175 5170 notato
2189 5155 2198 5169 .
2211 5113 2278 5171 Bet·

1403 5203 1531 5260 termino
1552 5246 1559 5261 .
1579 5208 1690 5259 Ioanne
1706 5204 1812 5270 (immo
1829 5217 1889 5259 non
1905 5207 2031 5271 Ioanne,
2047 5199 2097 5258 sed
2114 5201 2274 5259 Bartholo-

1402 5298 1504 5360 maea)
1523 5291 1729 5352 De·Vataerde
1740 5321 1775 5336 ···
1785 5291 1886 5349 Lclio.
1901 5290 2002 5348 Lando
2015 5331 2022 5346 .
2037 5294 2124 5348 Petro
2140 5294 2276 5347 .tior·ino

1404 5386 1445 5440 ar
1463 5426 1469 5438 .
1490 5382 1601 5455 Anasta
1625 5425 1633 5438 .
1655 5389 1799 5440 hocca-
1811 5381 1933 5440 Addiiis
1953 5423 1960 5436 .
1980 5383 2080 5439 Etiam
2102 5423 2110 5436 .
2130 5383 2275 5438 Doctrina

1405 5475 1471 5528 Non
1491 5513 1498 5526 .
1520 5474 1614 5528 Minas
1634 5515 1641 5526 .
1663 5477 1758 5543 <inam
1782 5511 1790 5525 .
1815 5469 2275 5542 Diyatiate-Entiaentissimis

1406 5560 1768 5618 cardinalibus-Marco
1781 5601 1787 5614 .
1800 5561 1928 5614 Antonio
1940 5601 1948 5615 .
1959 5556 2103 5616 Columna
2115 5601 2121 5614 .
2134 5560 2192 5614 Et.
2205 5561 2276 5616 Gui-

1402 5647 1488 5704 icInso
1502 5690 1509 5705 .
1522 5649 1619 5708 Alana
1628 5677 1665 5692 -
1677 5649 1733 5718 (ini
1749 5687 1756 5701 .
1771 5647 1944 5718 rosuficiae
1959 5689 1967 5704 .
1982 5646 2174 5718 Obsequentcs
2189 5688 2197 5702 .
2213 5649 2274 5702 Vo-

1404 5737 1650 5796 laniatu-Anno
1664 5780 1671 5793 .
1684 5737 1909 5794 MDLXXXXI.
1919 5767 1957 5782 ·-
1966 5735 2192 5794 communibus.
2207 5735 2274 5792 Cot·

1403 5827 1473 5884 tatis
1485 5869 1491 5882 .
1503 5823 1810 5884 Animadversionem
1822 5865 1830 5881 .
1841 5829 1881 5882 at
1891 5867 1898 5880 .
1909 5825 2123 5896 Natis-Opas
2134 5863 2141 5878 .
2154 5825 2273 5896 Insigne

1401 5945 1437 5962 -
1455 5921 1494 5973 at
1514 5957 1521 5972 .
1542 5914 1714 5973 Catholicae
1734 5957 1740 5970 .
1761 5913 1903 5988 Religioni
1925 5955 1932 5970 .
1952 5915 2083 5972 Maxim
2103 5957 2110 5968 .
2130 5911 2273 5970 Saietare
