4804 6692
473 507 635 580 llllllVlll
1223 513 1538 589 rnottuottnnn

476 661 607 739 minus
627 662 669 738 in
691 662 858 768 proprio
880 690 998 742 sensu
1019 665 1311 771 abundassetl)
1334 664 1428 749 dum
1453 668 1621 746 aliorum
1644 669 1796 774 profert
1817 671 1890 750 hac
1914 673 1955 749 in
1982 699 2023 750 re
2043 675 2278 766 sententias,

473 784 693 894 prudenter
719 785 834 864 etiam
864 785 975 892 quod
1004 789 1076 895 ipsi
1106 790 1315 897 probabile
1343 809 1419 889 est,
1446 791 1640 885 admittit,
1667 791 1780 899 quod
1807 813 1971 890 contra,
1995 795 2191 890 excludit3
2216 799 2281 878 hie

472 911 576 988 inter
596 909 750 990 fabulas
770 910 974 1008 amandat,
996 909 1152 992 Sixtum
1174 933 1267 994 ante
1287 915 1441 1017 obitum
1464 917 1701 1024 exemplaria
1724 945 1886 996 suorum
1910 918 2148 1016 Bibliorum,
2172 921 2281 1000 flem-

472 1032 543 1111 mis
571 1032 778 1113 damnasse
804 1037 892 1138 (De
916 1036 1142 1145 vulgarium
1169 1066 1307 1116 sacrae
1327 1040 1562 1147 Scripturas
1589 1041 1811 1120 versionum
1839 1043 1965 1137 vitiis,
1989 1071 2201 1151 eorumque
2224 1075 2280 1126 rc·

473 1157 631 1252 inediis,
658 1159 918 1267 Bambergae,
955 1162 1068 1266 1787.
1090 1191 1133 1269 p.
1157 1163 1222 1256 dd.
1238 1163 1268 1263 ).
1296 1167 1345 1240 At
1372 1163 1501 1257 enim,
1527 1160 1635 1242 dices
1663 1163 1865 1269 profect0,
1892 1165 2057 1270 quinam
2083 1193 2131 1246 ex
2155 1165 2280 1246 addu-

471 1281 543 1359 ctis
566 1281 828 1388 scriptoribus
851 1300 956 1362 stent
978 1311 1055 1391 pro
1084 1285 1247 1363 veritate
1274 1310 1356 1362 non
1383 1285 1479 1364 tanti
1507 1302 1565 1364 est
1592 1287 1738 1393 negotii
1766 1289 1966 1380 invenire,
1990 1290 2024 1367 si
2050 1290 2280 1370 conferatur

470 1404 666 1509 praefatio
692 1405 909 1486 hodiernae
934 1405 1152 1487 Bibliorum
1179 1408 1365 1488 editionis
1388 1437 1410 1488 a
1435 1407 1693 1506 Bellarmino,
1717 1429 1760 1490 ut
1786 1412 1904 1516 vulgo
1929 1413 2077 1509 fertur,
2099 1433 2276 1512 exarata;

471 1526 567 1606 haec
595 1526 713 1608 docet
739 1532 1003 1636 apertissime:
1029 1534 1169 1611 «Cum
1206 1533 1281 1610 iam
1314 1551 1414 1614 esset
1442 1561 1631 1612 excusum
1662 1533 1907 1640 (Bibliorum
1941 1538 2070 1642 opus)
2099 1555 2138 1615 et
2167 1539 2277 1615 utin

399 1727 403 1738 ,
474 1685 493 1724 a
515 1650 642 1732 lucem
671 1655 937 1750 emitteretur,
967 1652 1071 1734 idem
1099 1657 1278 1736 Pontifex
1310 1657 1471 1762 (Sixtus
1496 1656 1579 1760 V.)
1608 1685 1770 1764 operam
1797 1656 1933 1752 daret,
1962 1658 2278 1738 animadvertens

475 1802 598 1853 rnou
626 1804 752 1882 pauca
780 1778 821 1854 in
851 1805 960 1856 sacra
983 1774 1109 1857 Biblia
1132 1780 1256 1885 praeli
1284 1781 1383 1859 vitio
1407 1781 1631 1887 irrepsisse,
1659 1809 1762 1886 quae
1784 1783 1921 1860 iterata
1949 1782 2149 1888 diligentia
2176 1783 2277 1863 indi-

474 1931 492 1971 »
514 1927 606 2004 gere
629 1899 879 1996 viderentur,
901 1917 1028 1981 totum
1055 1929 1158 2010 opus
1176 1903 1250 1982 sub
1270 1901 1455 1982 incudem
1482 1903 1749 1982 revocandum
1769 1906 1924 1983 censuit
1941 1922 2062 2011 atque
2087 1905 2273 1987 decrevit.

474 2055 492 2096 r
515 2021 560 2102 ld
579 2051 673 2103 vero
692 2054 780 2104 cunr
802 2042 928 2105 morte
946 2043 1186 2133 praeventus
1206 2043 1403 2134 praestare
1422 2055 1506 2107 non
1526 2030 1737 2134 potuisset,
1759 2030 1979 2135 Gregorius
1997 2028 2108 2109 XlV.
2126 2046 2204 2110 etc.
2219 2090 2228 2109 .
2242 2091 2273 2108 ..

473 2145 690 2226 »Tandem
714 2148 789 2227 sub
814 2149 971 2229 initium
998 2150 1254 2258 pontificatus
1278 2151 1488 2232 Clementis
1507 2153 1615 2230 Vlll.
1642 2181 1745 2260 opus
1774 2155 1815 2230 in
1845 2153 1957 2259 quod
1984 2154 2116 2234 Sixtns
2139 2156 2189 2234 V.
2218 2157 2277 2234 in·

471 2269 712 2367 sunderat,
738 2273 821 2352 Deo
844 2273 948 2354 bene
971 2275 1132 2354 iuvante
1156 2273 1372 2381 perfectum
1392 2294 1462 2356 est.
1486 2309 1503 2350 n
1525 2278 1657 2376 Quae,
1681 2279 1816 2356 saltem
1836 2278 1972 2385 quoad
1992 2279 2273 2374 substantiam,

466 2395 689 2475 concinunt
710 2398 877 2476 narratis
901 2426 923 2476 a
946 2396 1149 2503 Wadingo
1173 2416 1213 2478 et
1235 2399 1476 2507 Tempestio.
1505 2402 1625 2479 Recte
1649 2399 1832 2508 quidem,
1854 2402 1883 2480 si
1910 2401 2096 2482 omnibus
2116 2430 2276 2509 persua·

467 2546 553 2596 sum
572 2535 673 2598 esset
690 2521 840 2600 sincere
858 2521 955 2600 haec
978 2523 1019 2600 in
1045 2523 1291 2629 praefatione
1311 2525 1433 2604 verba
1457 2524 1576 2604 fuisse
1598 2525 1774 2630 prolata;
1797 2553 1933 2604 verum
1956 2554 2046 2606 cum
2070 2527 2277 2608 nonnullis

469 2663 650 2751 suspecta
676 2647 776 2740 sint,
802 2647 849 2725 iis
875 2648 1124 2753 praesertim,
1149 2647 1218 2754 qui
1246 2645 1527 2727 Bellarminum
1558 2648 1622 2754 (in
1654 2649 1819 2727 historia
1843 2650 1946 2728 vitae
1969 2677 2064 2730 suae
2090 2653 2275 2757 superius

466 2769 608 2875 citata)
631 2769 827 2850 dicentem
855 2769 1088 2862 audierunt,
1114 2798 1155 2849 se
1182 2771 1379 2874 Gregorio
1403 2770 1512 2850 XIV.
1534 2771 1746 2850 eonsilium
1769 2769 1924 2852 dedisse
1951 2771 2002 2852 de
2028 2773 2276 2880 corrigendis

465 2888 603 2972 Bibliis
626 2895 802 2993 sixtinis,
826 2911 947 3001 atque
970 2895 1011 2972 in
1035 2893 1240 3001 publicum
1265 2892 1490 2974 emittendis
1511 2894 1586 2972 sub
1611 2896 1775 2972 nomine
1794 2895 1970 2974 eiusdem
1989 2896 2122 2990 Sinti,
2148 2914 2185 2976 et
2208 2899 2276 2976 ad·

464 3016 554 3094 dita
575 3020 853 3124 praefatione,
878 3047 962 3125 qua
980 3017 1296 3126 significaretur,
1322 3019 1366 3097 in
1388 3020 1529 3126 prima
1552 3019 1727 3098 editione
1748 3019 1862 3100 Sinti
1884 3047 1984 3126 prae
1997 3021 2275 3126 festinatione

353 3185 357 3194 ·
465 3139 667 3248 irrepsisse
684 3142 829 3248 aliqua
846 3157 977 3222 erratu
996 3143 1055 3221 vel
1071 3141 1430 3250 typographorum,
1455 3143 1514 3221 vel
1530 3143 1731 3222 aliorum.
1748 3201 1757 3220 .
1774 3171 1922 3249 .quam
1940 3142 2275 3250 (praefationem)

466 3261 571 3340 idem
597 3265 654 3344 Ν.
682 3261 992 3370 (Bellarminus)
1017 3266 1269 3373 composuit,·
1300 3265 1386 3360 isti,
1414 3267 1602 3372 inquam,
1631 3266 1706 3346 sibi
1733 3285 1918 3360 sumunt,
1945 3267 2133 3346 eximium
2162 3269 2272 3350 hunc

463 3388 593 3466 virum
621 3389 793 3496 primum
816 3387 866 3468 de
886 3389 984 3468 Sixti
1008 3390 1216 3470 voluntate
1238 3404 1505 3472 commentum
1529 3389 1743 3484 invexisse,
1767 3390 1881 3496 quasi
1905 3390 2148 3496 poenituerit
2170 3419 2274 3498 pon·

463 3510 606 3590 tilicem
630 3510 757 3592 Biblia
782 3511 847 3591 illa
875 3510 1065 3608 edidisse,
1087 3531 1126 3593 et
1153 3514 1247 3594 hine
1270 3512 1322 3592 ad
1341 3510 1526 3592 incudem
1553 3539 1655 3620 opus
1680 3512 1857 3591 revocari
1880 3516 2146 3619 praeceperit,
2167 3543 2272 3622 quae

463 3633 595 3715 omnia
622 3634 698 3742 ipsi
726 3652 771 3716 ut
797 3636 917 3741 gratis
944 3652 1089 3718 asserta
1117 3653 1329 3742 respuunt.
1356 3636 1659 3743 Consequenter
1685 3634 1830 3714 volunt
1856 3651 2008 3716 eeteros
2030 3639 2072 3715 in
2096 3665 2273 3718 errorem

463 3772 609 3838 tractos
635 3757 753 3840 fuisse
776 3787 799 3838 a
822 3742 1081 3857 Bellarmino,
1101 3759 1239 3840 eadem
1264 3758 1503 3866 repetendo,
1524 3759 1606 3838 sive
1629 3759 1746 3840 etiam
1769 3758 1960 3867 quasdam
1985 3759 2173 3843 addendo
2196 3763 2273 3842 cir·

461 3883 716 3964 cumstantias
743 3882 794 3964 ad
821 3911 903 3964 rem
929 3884 1178 3990 probabilius
1202 3881 1497 3992 explicandam,
1518 3883 1578 3963 uti
1599 3910 1719 3990 supra
1743 3881 1915 3964 vidimus
1937 3884 1978 3964 in
2002 3882 2208 3992 Wadingo
2234 3903 2273 3968 et

460 4005 701 4115 Tempestio.
725 4006 1007 4088 Verumtamen
1027 4038 1117 4089 cum
1137 4036 1220 4088 non
1243 4024 1398 4088 constet
1421 4009 1664 4115 apertissime
1681 4006 1731 4088 de
1749 4006 1980 4088 huiusmodi
1999 4009 2268 4106 simulatione,

456 4131 726 4212 absolvendus
743 4148 804 4211 est
826 4131 1084 4214 Bellarminus
1102 4147 1236 4214 tantae
1259 4131 1494 4238 integritatis
1516 4132 1599 4226 vir,
1621 4131 1755 4212 saltem
1776 4160 1860 4212 non
1885 4148 2000 4212 antea
2018 4131 2271 4214 damnandus

457 4284 581 4365 quam
601 4247 912 4352 demonstretur,
935 4285 1017 4337 non
1037 4258 1213 4366 potuisse
1232 4283 1367 4337 revera
1386 4253 1541 4336 Sixtum
1561 4256 1683 4362 paulo
1702 4273 1795 4336 ante
1813 4255 1968 4336 obitum
1991 4273 2163 4338 mutatae
2181 4285 2271 4338 sen·

458 4383 604 4462 tentiae
632 4383 735 4462 cirea
763 4409 874 4462 suam
902 4380 1118 4463 editionem
1145 4382 1303 4488 signum
1330 4377 1495 4490 aliquod
1523 4379 1737 4486 praebere,
1768 4378 2029 4486 significando
2056 4378 2108 4460 ad
2137 4383 2269 4462 minus

459 4507 618 4588 maioris
641 4506 746 4586 illam
767 4507 1023 4614 perfeetionis
1050 4507 1390 4614 correctionisque
1413 4503 1549 4613 quoad
1574 4522 1694 4611 typos
1722 4503 1915 4610 indigere.
1942 4504 2138 4611 Equidem
2160 4506 2269 4594 aliud

457 4631 723 4710 testimonium
744 4631 784 4708 in
805 4647 993 4737 promptu
1014 4648 1114 4711 esset
1132 4631 1275 4710 mentis
1294 4629 1496 4710 Pontifieis
1515 4628 1698 4726 Maximi,
1720 4631 1751 4708 si
1771 4644 1974 4711 auctorem
1992 4629 2129 4710 liceret
2146 4657 2269 4735 agno-

456 4781 567 4834 scere
594 4755 813 4862 particulae
835 4753 1072 4862 praefationi
1092 4753 1315 4834 Bibliorum
1335 4751 1521 4835 editionis
1543 4753 1803 4832 clementinae
1825 4750 2080 4846 inserendae,
2104 4779 2209 4860 quae
2232 4771 2271 4832 et

457 4880 544 4987 ipsa
571 4880 613 4959 in
640 4879 882 4960 bibliotheca
910 4882 1086 4986 angelica
1110 4879 1378 4986 manuscripta
1404 4893 1642 4958 asservatur.
1670 4877 1716 4956 ln
1743 4891 1848 4956 caet
1872 4875 1985 4984 quod
2008 4874 2270 4958 Bellarminus

457 5003 623 5084 asseruit
645 5003 891 5100 continetur,
914 5021 954 5084 et
972 5003 1125 5113 aliquid
1150 5003 1336 5111 amplius,
1357 5001 1510 5083 Sixtum
1536 4998 1717 5082 videlicet
1735 5001 1850 5108 quasi
1869 5002 2054 5108 privatim
2079 5029 2188 5082 sacra
2208 5001 2269 5082 Bi-

456 5125 536 5206 blia
565 5125 751 5223 edidisse,
779 5126 949 5236 utquid
976 5126 1177 5208 doctiores
1204 5125 1253 5207 de
1277 5124 1415 5208 iisdem
1443 5123 1637 5204 sentirent
1662 5124 1885 5233 periculum
1915 5123 2059 5206 faceret
2080 5125 2152 5231 (r).
2180 5125 2268 5208 Hoc

563 5381 600 5446 (t)
618 5379 662 5434 En
678 5377 879 5435 documentum
896 5378 932 5436 ab
946 5379 1111 5452 liuganilio
1128 5385 1324 5437 memoratum.
1399 5399 1413 5425 ·
1434 5373 1571 5449 variisque
1580 5373 1691 5434 adhue
1701 5375 1890 5434 intermissam
1903 5373 2268 5445 muomntrcamqaecon-

458 5493 470 5518 κ
492 5465 632 5526 Panionia
652 5467 817 5542 praelationi
839 5472 983 5525 s'acmrum
1000 5465 1155 5525 Bibliorum
1177 5463 1326 5525 inserenda
1400 5489 1414 5516 ι
1434 5465 1560 5540 progatio
1581 5481 1653 5539 opus
1674 5465 1827 5536 exegisset,
1850 5460 1971 5520 biblico·
1993 5461 2052 5534 ipse
2075 5459 2163 5517 libros
2185 5461 2268 5532 quasi

457 5583 470 5608 n
492 5573 542 5631 pro
565 5555 704 5631 dignitate
724 5557 992 5631 sedisapostolicae
1014 5557 1158 5615 masada.
1177 5557 1272 5616 sixtus
1292 5557 1325 5612 i.
1399 5577 1414 5606 ι
1433 5553 1563 5628 prinum
1587 5551 1766 5612 mandendae
1787 5551 1914 5621 cumrit,
1933 5557 1967 5608 ut
1987 5565 2020 5608 cx
2043 5548 2173 5606 universo
2200 5546 2268 5605 orbe

457 5671 470 5695 ν
490 5645 539 5705 iel.
558 5661 613 5705 rec.
633 5646 705 5705 sacri
726 5645 898 5706 omumenici
919 5646 1037 5704 concilii
1061 5645 1206 5704 tridentini
1230 5644 1324 5703 deere-
1399 5665 1413 5695 ι
1432 5641 1601 5712 christiano,
1616 5640 1685 5716 quid
1702 5639 1779 5698 docti
1798 5638 1994 5698 nominatae
2010 5637 2048 5696 de
2064 5653 2094 5696 ra
2111 5637 2267 5708 mutiunt,

458 5761 469 5784 ι
491 5743 551 5794 tum
569 5735 605 5796 ‹ie
622 5735 722 5795 Bibliis
739 5753 825 5810 quam
842 5735 1070 5795 emendatissime
1088 5733 1205 5794 edendis
1224 5749 1322 5792 execa-
1397 5757 1410 5784 ·
1430 5733 1549 5793 scmtmi
1567 5741 1668 5807 posset
1689 5729 1804 5787 interim
1821 5725 1890 5787 dum
1907 5743 2015 5787 errores
2031 5741 2064 5784 er
2081 5726 2267 5801 tymgnpan

456 5845 470 5874 a
489 5825 559 5883 tiam
576 5823 708 5884 mandare
721 5825 826 5892 rolens,
835 5823 1086 5898 congregationem
1097 5823 1134 5882 ad
1148 5821 1177 5881 id
1190 5839 1206 5882 a
1219 5824 1268 5881 Pio
1276 5823 1322 5880 iv.
1399 5847 1413 5874 »
1432 5831 1523 5894 ortos,
1541 5831 1570 5881 et
1587 5820 1757 5879 mutationes
1773 5833 1886 5886 omnm,
1906 5825 1991 5892 atque
2009 5818 2098 5874 mrim
2118 5815 2266 5873 homiuum

457 5939 469 5962 a
490 5921 518 5970 ct
536 5915 569 5971 V.
591 5917 681 5972 Ponit.
699 5916 788 5972 Marx.
805 5929 837 5972 ex
857 5913 975 5972 concilii
996 5914 1167 5988 praescripto
1186 5919 1327 5986 coenum,
1403 5939 1415 5964 ι
1436 5913 1582 5987 opiniones
1598 5923 1793 5982 recognoscere
1805 5909 1911 5982 coepit,
1924 5914 1957 5966 ut
1972 5915 2064 5980 postea
2082 5904 2219 5963 matrum
2231 5902 2267 5964 dc
