<?xml version="1.0" encoding="UTF-8"?>
<!DOCTYPE html PUBLIC "-//W3C//DTD XHTML 1.0 Transitional//EN"
    "http://www.w3.org/TR/xhtml1/DTD/xhtml1-transitional.dtd">
<html xmlns="http://www.w3.org/1999/xhtml" xml:lang="en" lang="en">
 <head>
  <title>
</title>
<meta http-equiv="Content-Type" content="text/html;charset=utf-8" />
  <meta name='ocr-system' content='tesseract 3.04.00' />
  <meta name='ocr-capabilities' content='ocr_page ocr_carea ocr_par ocr_line ocrx_word'/>
</head>
<body>
  <div class='ocr_page' id='page_1' title='image "./variaelectiones00vercgoog_0117.png"; bbox 0 0 4750 6694; ppageno 0'>
   <div class='ocr_carea' id='block_1_1' title="bbox 475 439 1604 516">
    <p class='ocr_par' dir='ltr' id='par_1_1' title="bbox 475 439 1604 516">
     <span class='ocr_line' id='line_1_1' title="bbox 475 439 1604 516; baseline 0 0"><span class='ocrx_word' id='word_1_1' title='bbox 475 443 530 516; x_wconf 82' lang='lat' dir='ltr'><strong>CX</strong></span> <span class='ocrx_word' id='word_1_2' title='bbox 1147 439 1390 516; x_wconf 76' lang='lat' dir='ltr'><strong>seruatus</strong></span> <span class='ocrx_word' id='word_1_3' title='bbox 1415 439 1604 516; x_wconf 80' lang='lat' dir='ltr'><strong>eltutus</strong></span> 
     </span>
    </p>
   </div>
   <div class='ocr_carea' id='block_1_2' title="bbox 452 590 2277 5160">
    <p class='ocr_par' dir='ltr' id='par_1_2' title="bbox 471 590 2277 1442">
     <span class='ocr_line' id='line_1_2' title="bbox 581 590 2276 700; baseline 0.002 -27"><span class='ocrx_word' id='word_1_4' title='bbox 581 592 621 673; x_wconf 88' lang='grc'><strong>3</strong></span> <span class='ocrx_word' id='word_1_5' title='bbox 652 591 958 672; x_wconf 87' lang='lat' dir='ltr'><strong>Alexandrino</strong></span> <span class='ocrx_word' id='word_1_6' title='bbox 947 592 1155 699; x_wconf 77' lang='lat' dir='ltr'><strong>interpreti</strong></span> <span class='ocrx_word' id='word_1_7' title='bbox 1179 595 1362 699; x_wconf 83' lang='lat' dir='ltr'>proxime</span> <span class='ocrx_word' id='word_1_8' title='bbox 1381 590 1534 674; x_wconf 88' lang='lat' dir='ltr'><strong>accedit</strong></span> <span class='ocrx_word' id='word_1_9' title='bbox 1560 607 1671 672; x_wconf 90' lang='lat' dir='ltr'><strong>vetus</strong></span> <span class='ocrx_word' id='word_1_10' title='bbox 1690 590 1807 689; x_wconf 89' lang='lat' dir='ltr'><strong>Itala,</strong></span> <span class='ocrx_word' id='word_1_11' title='bbox 1832 591 1946 676; x_wconf 90' lang='lat' dir='ltr'><strong>cuius</strong></span> <span class='ocrx_word' id='word_1_12' title='bbox 1972 590 2192 700; x_wconf 83' lang='lat' dir='ltr'><strong>fragmenta</strong></span> <span class='ocrx_word' id='word_1_13' title='bbox 2211 593 2276 676; x_wconf 85' lang='lat' dir='ltr'><strong>Sa·</strong></span> 
     </span>
     <span class='ocr_line' id='line_1_3' title="bbox 473 715 2274 824; baseline 0.002 -28"><span class='ocrx_word' id='word_1_14' title='bbox 473 717 661 797; x_wconf 89' lang='lat' dir='ltr'><strong>baticrius</strong></span> <span class='ocrx_word' id='word_1_15' title='bbox 680 717 861 821; x_wconf 83' lang='lat' dir='ltr'><em>(Remis,</em></span> <span class='ocrx_word' id='word_1_16' title='bbox 892 716 1006 822; x_wconf 65' lang='lat'><strong>1743.</strong></span> <span class='ocrx_word' id='word_1_17' title='bbox 1028 732 1066 794; x_wconf 88' lang='lat' dir='ltr'><strong>et</strong></span> <span class='ocrx_word' id='word_1_18' title='bbox 1082 717 1261 798; x_wconf 84' lang='lat' dir='ltr'><strong>Parisiis</strong></span> <span class='ocrx_word' id='word_1_19' title='bbox 1285 717 1425 824; x_wconf 76' lang='lat'><strong>1751.)</strong></span> <span class='ocrx_word' id='word_1_20' title='bbox 1444 745 1542 798; x_wconf 77' lang='lat' dir='ltr'><strong>mira</strong></span> <span class='ocrx_word' id='word_1_21' title='bbox 1560 715 1769 800; x_wconf 79' lang='lat' dir='ltr'><strong>sedulitate</strong></span> <span class='ocrx_word' id='word_1_22' title='bbox 1791 717 2052 800; x_wconf 86' lang='lat' dir='ltr'><strong>coacervavit.</strong></span> <span class='ocrx_word' id='word_1_23' title='bbox 2073 719 2192 800; x_wconf 90' lang='lat' dir='ltr'><strong>Hauc</strong></span> <span class='ocrx_word' id='word_1_24' title='bbox 2208 747 2274 800; x_wconf 89' lang='lat' dir='ltr'><strong>au·</strong></span> 
     </span>
     <span class='ocr_line' id='line_1_4' title="bbox 473 838 2275 979; baseline 0.001 -59"><span class='ocrx_word' id='word_1_25' title='bbox 473 859 552 921; x_wconf 89' lang='lat' dir='ltr'><strong>tem</strong></span> <span class='ocrx_word' id='word_1_26' title='bbox 571 867 655 919; x_wconf 93' lang='lat' dir='ltr'><strong>non</strong></span> <span class='ocrx_word' id='word_1_27' title='bbox 673 839 810 947; x_wconf 84' lang='lat' dir='ltr'>paucis</span> <span class='ocrx_word' id='word_1_28' title='bbox 828 840 1118 920; x_wconf 79' lang='lat' dir='ltr'><strong>accessionibus</strong></span> <span class='ocrx_word' id='word_1_29' title='bbox 1137 856 1221 921; x_wconf 86' lang='lat' dir='ltr'><strong>tum</strong></span> <span class='ocrx_word' id='word_1_30' title='bbox 1240 867 1290 918; x_wconf 88' lang='lat' dir='ltr'><strong>ex</strong></span> <span class='ocrx_word' id='word_1_31' title='bbox 1310 838 1469 921; x_wconf 86' lang='lat' dir='ltr'><strong>ineditis</strong></span> <span class='ocrx_word' id='word_1_32' title='bbox 1487 841 1788 979; x_wconf 82' lang='lat' dir='ltr'><strong>manuscriptis,</strong></span> <span class='ocrx_word' id='word_1_33' title='bbox 1810 857 1897 920; x_wconf 91' lang='lat' dir='ltr'><strong>tum</strong></span> <span class='ocrx_word' id='word_1_34' title='bbox 1915 868 1965 922; x_wconf 86' lang='lat' dir='ltr'><strong>ex</strong></span> <span class='ocrx_word' id='word_1_35' title='bbox 1987 842 2163 949; x_wconf 80' lang='lat' dir='ltr'><strong>antiquis</strong></span> <span class='ocrx_word' id='word_1_36' title='bbox 2185 844 2275 922; x_wconf 90' lang='lat' dir='ltr'><strong>scri·</strong></span> 
     </span>
     <span class='ocr_line' id='line_1_5' title="bbox 472 960 2277 1073; baseline 0.001 -30"><span class='ocrx_word' id='word_1_37' title='bbox 472 964 656 1070; x_wconf 90' lang='lat' dir='ltr'><strong>pturibus</strong></span> <span class='ocrx_word' id='word_1_38' title='bbox 673 963 905 1070; x_wconf 79' lang='lat' dir='ltr'><strong>frequenter</strong></span> <span class='ocrx_word' id='word_1_39' title='bbox 921 963 1224 1073; x_wconf 89' lang='lat' dir='ltr'><strong>locupletamus.</strong></span> <span class='ocrx_word' id='word_1_40' title='bbox 1246 963 1401 1044; x_wconf 87' lang='lat' dir='ltr'><strong>Etenim</strong></span> <span class='ocrx_word' id='word_1_41' title='bbox 1421 960 1472 1042; x_wconf 87' lang='lat' dir='ltr'><strong>ad</strong></span> <span class='ocrx_word' id='word_1_42' title='bbox 1491 963 1665 1043; x_wconf 78' lang='lat' dir='ltr'><strong>criticam</strong></span> <span class='ocrx_word' id='word_1_43' title='bbox 1685 963 1954 1044; x_wconf 84' lang='lat' dir='ltr'><strong>recensionem</strong></span> <span class='ocrx_word' id='word_1_44' title='bbox 1972 963 2132 1070; x_wconf 75' lang='lat' dir='ltr'><strong>Vulgari</strong></span> <span class='ocrx_word' id='word_1_45' title='bbox 2150 968 2277 1046; x_wconf 87' lang='lat' dir='ltr'><strong>nostri</strong></span> 
     </span>
     <span class='ocr_line' id='line_1_6' title="bbox 471 1085 2277 1194; baseline 0.002 -29"><span class='ocrx_word' id='word_1_46' title='bbox 471 1087 702 1193; x_wconf 83' lang='lat' dir='ltr'><strong>interpretis</strong></span> <span class='ocrx_word' id='word_1_47' title='bbox 730 1089 861 1194; x_wconf 89' lang='lat' dir='ltr'><strong>magui</strong></span> <span class='ocrx_word' id='word_1_48' title='bbox 888 1087 1008 1168; x_wconf 86' lang='lat' dir='ltr'><strong>refert</strong></span> <span class='ocrx_word' id='word_1_49' title='bbox 1034 1086 1244 1168; x_wconf 91' lang='lat' dir='ltr'><strong>lectionem</strong></span> <span class='ocrx_word' id='word_1_50' title='bbox 1270 1085 1390 1167; x_wconf 89' lang='lat' dir='ltr'><strong>Italae</strong></span> <span class='ocrx_word' id='word_1_51' title='bbox 1416 1105 1659 1194; x_wconf 88' lang='lat' dir='ltr'><strong>compertam</strong></span> <span class='ocrx_word' id='word_1_52' title='bbox 1682 1087 2008 1194; x_wconf 81' lang='lat' dir='ltr'><strong>exploratamque</strong></span> <span class='ocrx_word' id='word_1_53' title='bbox 2031 1087 2192 1170; x_wconf 87' lang='lat' dir='ltr'><strong>habere.</strong></span> <span class='ocrx_word' id='word_1_54' title='bbox 2220 1091 2277 1170; x_wconf 90' lang='lat' dir='ltr'><strong>De</strong></span> 
     </span>
     <span class='ocr_line' id='line_1_7' title="bbox 471 1209 2276 1318; baseline 0.003 -31"><span class='ocrx_word' id='word_1_55' title='bbox 471 1238 555 1318; x_wconf 91' lang='lat' dir='ltr'><strong>qua</strong></span> <span class='ocrx_word' id='word_1_56' title='bbox 571 1211 664 1290; x_wconf 89' lang='lat' dir='ltr'><strong>satis</strong></span> <span class='ocrx_word' id='word_1_57' title='bbox 683 1211 805 1292; x_wconf 92' lang='lat' dir='ltr'><strong>multa</strong></span> <span class='ocrx_word' id='word_1_58' title='bbox 824 1210 999 1291; x_wconf 85' lang='lat' dir='ltr'><strong>diximus</strong></span> <span class='ocrx_word' id='word_1_59' title='bbox 1017 1212 1060 1292; x_wconf 91' lang='lat' dir='ltr'><strong>in</strong></span> <span class='ocrx_word' id='word_1_60' title='bbox 1077 1211 1237 1292; x_wconf 89' lang='lat' dir='ltr'><strong>monitis</strong></span> <span class='ocrx_word' id='word_1_61' title='bbox 1256 1237 1360 1317; x_wconf 92' lang='lat' dir='ltr'><strong>quae</strong></span> <span class='ocrx_word' id='word_1_62' title='bbox 1378 1211 1616 1293; x_wconf 87' lang='lat' dir='ltr'><strong>subiecimus</strong></span> <span class='ocrx_word' id='word_1_63' title='bbox 1635 1209 1748 1292; x_wconf 84' lang='lat' dir='ltr'><strong>libris</strong></span> <span class='ocrx_word' id='word_1_64' title='bbox 1766 1211 1947 1308; x_wconf 88' lang='lat' dir='ltr'><strong>Genesis,</strong></span> <span class='ocrx_word' id='word_1_65' title='bbox 1968 1209 2096 1294; x_wconf 84' lang='lat' dir='ltr'><strong>Exodi</strong></span> <span class='ocrx_word' id='word_1_66' title='bbox 2115 1229 2156 1294; x_wconf 90' lang='lat' dir='ltr'><strong>et</strong></span> <span class='ocrx_word' id='word_1_67' title='bbox 2173 1214 2276 1294; x_wconf 91' lang='lat' dir='ltr'><strong>Deu-</strong></span> 
     </span>
     <span class='ocr_line' id='line_1_8' title="bbox 471 1334 2273 1442; baseline 0.002 -30"><span class='ocrx_word' id='word_1_68' title='bbox 471 1337 703 1428; x_wconf 90' lang='lat' dir='ltr'><strong>teronomii,</strong></span> <span class='ocrx_word' id='word_1_69' title='bbox 729 1363 887 1416; x_wconf 88' lang='lat' dir='ltr'><strong>necnon</strong></span> <span class='ocrx_word' id='word_1_70' title='bbox 915 1336 958 1416; x_wconf 90' lang='lat' dir='ltr'><strong>in</strong></span> <span class='ocrx_word' id='word_1_71' title='bbox 984 1334 1258 1418; x_wconf 86' lang='lat' dir='ltr'><strong>dissertatione</strong></span> <span class='ocrx_word' id='word_1_72' title='bbox 1285 1363 1407 1442; x_wconf 90' lang='lat' dir='ltr'><strong>quam</strong></span> <span class='ocrx_word' id='word_1_73' title='bbox 1434 1334 1736 1416; x_wconf 84' lang='lat' dir='ltr'><strong>memoravimus</strong></span> <span class='ocrx_word' id='word_1_74' title='bbox 1762 1361 1884 1442; x_wconf 91' lang='lat' dir='ltr'><strong>supra</strong></span> <span class='ocrx_word' id='word_1_75' title='bbox 1910 1361 1999 1442; x_wconf 89' lang='lat' dir='ltr'><strong>cup.</strong></span> <span class='ocrx_word' id='word_1_76' title='bbox 2022 1334 2073 1416; x_wconf 89' lang='lat'><strong>11.</strong></span> <span class='ocrx_word' id='word_1_77' title='bbox 2099 1363 2214 1418; x_wconf 88' lang='lat' dir='ltr'><strong>num.</strong></span> <span class='ocrx_word' id='word_1_78' title='bbox 2239 1340 2273 1418; x_wconf 85' lang='lat'><strong>5.</strong></span> 
     </span>
    </p>

    <p class='ocr_par' dir='ltr' id='par_1_3' title="bbox 576 1459 2277 1566">
     <span class='ocr_line' id='line_1_9' title="bbox 576 1459 2277 1566; baseline 0.002 -28"><span class='ocrx_word' id='word_1_79' title='bbox 576 1461 617 1552; x_wconf 75' lang='lat' dir='ltr'><strong>i.</strong></span> <span class='ocrx_word' id='word_1_80' title='bbox 648 1460 906 1566; x_wconf 86' lang='lat' dir='ltr'><strong>Reliquarum</strong></span> <span class='ocrx_word' id='word_1_81' title='bbox 936 1477 1067 1541; x_wconf 86' lang='lat' dir='ltr'><strong>autem</strong></span> <span class='ocrx_word' id='word_1_82' title='bbox 1096 1475 1273 1541; x_wconf 90' lang='lat' dir='ltr'><strong>veterum</strong></span> <span class='ocrx_word' id='word_1_83' title='bbox 1304 1459 1707 1566; x_wconf 84' lang='lat' dir='ltr'><strong>interpretationum,</strong></span> <span class='ocrx_word' id='word_1_84' title='bbox 1743 1484 1848 1564; x_wconf 91' lang='lat' dir='ltr'><strong>quae</strong></span> <span class='ocrx_word' id='word_1_85' title='bbox 1882 1485 1932 1540; x_wconf 88' lang='lat' dir='ltr'><strong>ex</strong></span> <span class='ocrx_word' id='word_1_86' title='bbox 1968 1485 2109 1564; x_wconf 86' lang='lat' dir='ltr'><strong>graeco</strong></span> <span class='ocrx_word' id='word_1_87' title='bbox 2144 1486 2277 1542; x_wconf 87' lang='lat' dir='ltr'><strong>mana·</strong></span> 
     </span>
    </p>

    <p class='ocr_par' dir='ltr' id='par_1_4' title="bbox 462 1579 2276 3178">
     <span class='ocr_line' id='line_1_10' title="bbox 470 1579 2276 1690; baseline 0.006 -34"><span class='ocrx_word' id='word_1_88' title='bbox 470 1595 583 1678; x_wconf 91' lang='lat' dir='ltr'><strong>runt,</strong></span> <span class='ocrx_word' id='word_1_89' title='bbox 606 1581 830 1663; x_wconf 86' lang='lat' dir='ltr'><strong>testimonia</strong></span> <span class='ocrx_word' id='word_1_90' title='bbox 858 1583 926 1663; x_wconf 87' lang='lat' dir='ltr'><strong>vix</strong></span> <span class='ocrx_word' id='word_1_91' title='bbox 953 1583 1049 1678; x_wconf 88' lang='lat' dir='ltr'><strong>alia,</strong></span> <span class='ocrx_word' id='word_1_92' title='bbox 1074 1598 1234 1690; x_wconf 86' lang='lat' dir='ltr'><strong>praeter</strong></span> <span class='ocrx_word' id='word_1_93' title='bbox 1260 1607 1307 1663; x_wconf 91' lang='lat' dir='ltr'><strong>ea</strong></span> <span class='ocrx_word' id='word_1_94' title='bbox 1333 1606 1437 1686; x_wconf 88' lang='lat' dir='ltr'><strong>quae</strong></span> <span class='ocrx_word' id='word_1_95' title='bbox 1465 1580 1634 1686; x_wconf 86' lang='lat' dir='ltr'><strong>protulit</strong></span> <span class='ocrx_word' id='word_1_96' title='bbox 1661 1579 1906 1678; x_wconf 88' lang='lat' dir='ltr'><strong>Holmesius,</strong></span> <span class='ocrx_word' id='word_1_97' title='bbox 1932 1608 2007 1661; x_wconf 91' lang='lat' dir='ltr'><strong>nos</strong></span> <span class='ocrx_word' id='word_1_98' title='bbox 2033 1581 2276 1690; x_wconf 88' lang='lat' dir='ltr'><strong>conquisivi·</strong></span> 
     </span>
     <span class='ocr_line' id='line_1_11' title="bbox 469 1704 2276 1812; baseline 0.006 -33"><span class='ocrx_word' id='word_1_99' title='bbox 469 1730 572 1782; x_wconf 91' lang='lat' dir='ltr'><strong>mus.</strong></span> <span class='ocrx_word' id='word_1_100' title='bbox 599 1704 794 1811; x_wconf 89' lang='lat' dir='ltr'><strong>Equidem</strong></span> <span class='ocrx_word' id='word_1_101' title='bbox 821 1733 906 1787; x_wconf 91' lang='lat' dir='ltr'><strong>non</strong></span> <span class='ocrx_word' id='word_1_102' title='bbox 934 1707 1161 1811; x_wconf 90' lang='lat' dir='ltr'><strong>ignoramus</strong></span> <span class='ocrx_word' id='word_1_103' title='bbox 1187 1705 1312 1786; x_wconf 92' lang='lat' dir='ltr'><strong>multa</strong></span> <span class='ocrx_word' id='word_1_104' title='bbox 1334 1706 1413 1785; x_wconf 93' lang='lat' dir='ltr'><strong>hoc</strong></span> <span class='ocrx_word' id='word_1_105' title='bbox 1437 1705 1480 1784; x_wconf 90' lang='lat' dir='ltr'><strong>iu</strong></span> <span class='ocrx_word' id='word_1_106' title='bbox 1507 1731 1652 1812; x_wconf 90' lang='lat' dir='ltr'><strong>genere</strong></span> <span class='ocrx_word' id='word_1_107' title='bbox 1677 1706 1721 1786; x_wconf 90' lang='lat' dir='ltr'><strong>in</strong></span> <span class='ocrx_word' id='word_1_108' title='bbox 1740 1705 1992 1785; x_wconf 84' lang='lat' dir='ltr'><strong>holmesianis</strong></span> <span class='ocrx_word' id='word_1_109' title='bbox 2015 1707 2121 1789; x_wconf 88' lang='lat' dir='ltr'><strong>notis</strong></span> <span class='ocrx_word' id='word_1_110' title='bbox 2137 1713 2276 1790; x_wconf 82' lang='lat' dir='ltr'><strong>&#39;emen-</strong></span> 
     </span>
     <span class='ocr_line' id='line_1_12' title="bbox 469 1823 2272 1937; baseline 0.003 -33"><span class='ocrx_word' id='word_1_111' title='bbox 469 1823 622 1921; x_wconf 87' lang='lat' dir='ltr'><strong>danda,</strong></span> <span class='ocrx_word' id='word_1_112' title='bbox 654 1828 857 1936; x_wconf 88' lang='lat' dir='ltr'><strong>multaque</strong></span> <span class='ocrx_word' id='word_1_113' title='bbox 885 1828 1071 1910; x_wconf 88' lang='lat' dir='ltr'><strong>addenda</strong></span> <span class='ocrx_word' id='word_1_114' title='bbox 1097 1855 1203 1908; x_wconf 86' lang='lat' dir='ltr'><strong>esse:</strong></span> <span class='ocrx_word' id='word_1_115' title='bbox 1233 1845 1275 1908; x_wconf 90' lang='lat' dir='ltr'><strong>at</strong></span> <span class='ocrx_word' id='word_1_116' title='bbox 1300 1826 1428 1910; x_wconf 90' lang='lat' dir='ltr'><strong>nostri</strong></span> <span class='ocrx_word' id='word_1_117' title='bbox 1454 1827 1626 1910; x_wconf 90' lang='lat' dir='ltr'><strong>instituti</strong></span> <span class='ocrx_word' id='word_1_118' title='bbox 1657 1828 1759 1910; x_wconf 91' lang='lat' dir='ltr'><strong>ratic</strong></span> <span class='ocrx_word' id='word_1_119' title='bbox 1785 1826 1828 1908; x_wconf 92' lang='lat' dir='ltr'><strong>id</strong></span> <span class='ocrx_word' id='word_1_120' title='bbox 1855 1827 1986 1914; x_wconf 88' lang='lat' dir='ltr'><strong>minus</strong></span> <span class='ocrx_word' id='word_1_121' title='bbox 2018 1829 2272 1937; x_wconf 82' lang='lat' dir='ltr'><strong>requirebat3</strong></span> 
     </span>
     <span class='ocr_line' id='line_1_13' title="bbox 467 1945 2275 2062; baseline 0.003 -34"><span class='ocrx_word' id='word_1_122' title='bbox 467 1945 560 2028; x_wconf 90' lang='lat' dir='ltr'><strong>dein</strong></span> <span class='ocrx_word' id='word_1_123' title='bbox 584 1949 703 2030; x_wconf 91' lang='lat' dir='ltr'><strong>nobis</strong></span> <span class='ocrx_word' id='word_1_124' title='bbox 725 1948 860 2031; x_wconf 89' lang='lat' dir='ltr'><strong>deerat</strong></span> <span class='ocrx_word' id='word_1_125' title='bbox 877 1968 916 2032; x_wconf 92' lang='lat' dir='ltr'><strong>et</strong></span> <span class='ocrx_word' id='word_1_126' title='bbox 934 1952 1159 2058; x_wconf 88' lang='lat' dir='ltr'><strong>linguarum</strong></span> <span class='ocrx_word' id='word_1_127' title='bbox 1178 1953 1321 2034; x_wconf 90' lang='lat' dir='ltr'><strong>notitia</strong></span> <span class='ocrx_word' id='word_1_128' title='bbox 1339 1967 1379 2033; x_wconf 90' lang='lat' dir='ltr'><strong>et</strong></span> <span class='ocrx_word' id='word_1_129' title='bbox 1396 1951 1591 2034; x_wconf 92' lang='lat' dir='ltr'><strong>librorum</strong></span> <span class='ocrx_word' id='word_1_130' title='bbox 1613 1953 1752 2061; x_wconf 91' lang='lat' dir='ltr'><strong>copia,</strong></span> <span class='ocrx_word' id='word_1_131' title='bbox 1772 1951 1921 2060; x_wconf 91' lang='lat' dir='ltr'><strong>quibus</strong></span> <span class='ocrx_word' id='word_1_132' title='bbox 1941 1951 1980 2035; x_wconf 87' lang='lat' dir='ltr'><strong>id</strong></span> <span class='ocrx_word' id='word_1_133' title='bbox 2000 1953 2117 2062; x_wconf 91' lang='lat' dir='ltr'><strong>plene</strong></span> <span class='ocrx_word' id='word_1_134' title='bbox 2139 1981 2275 2036; x_wconf 88' lang='lat' dir='ltr'><strong>cumu-</strong></span> 
     </span>
     <span class='ocr_line' id='line_1_14' title="bbox 467 2069 1099 2181; baseline 0.011 -34"><span class='ocrx_word' id='word_1_135' title='bbox 467 2069 626 2178; x_wconf 88' lang='lat' dir='ltr'><strong>lateque</strong></span> <span class='ocrx_word' id='word_1_136' title='bbox 652 2089 852 2180; x_wconf 89' lang='lat' dir='ltr'><strong>pracstare</strong></span> <span class='ocrx_word' id='word_1_137' title='bbox 878 2102 1099 2181; x_wconf 87' lang='lat' dir='ltr'><strong>possemus.</strong></span> 
     </span>
     <span class='ocr_line' id='line_1_15' title="bbox 476 2197 2273 2307; baseline 0.006 -33"><span class='ocrx_word' id='word_1_138' title='bbox 476 2251 483 2258; x_wconf 91' lang='lat'>-</span> <span class='ocrx_word' id='word_1_139' title='bbox 574 2197 614 2275; x_wconf 83' lang='lat'><strong>5.</strong></span> <span class='ocrx_word' id='word_1_140' title='bbox 644 2197 699 2276; x_wconf 85' lang='lat' dir='ltr'><strong>At</strong></span> <span class='ocrx_word' id='word_1_141' title='bbox 727 2226 842 2278; x_wconf 90' lang='lat' dir='ltr'><strong>usum</strong></span> <span class='ocrx_word' id='word_1_142' title='bbox 869 2215 1088 2280; x_wconf 86' lang='lat' dir='ltr'><strong>ceterarum</strong></span> <span class='ocrx_word' id='word_1_143' title='bbox 1114 2200 1363 2299; x_wconf 88' lang='lat' dir='ltr'><strong>versionum,</strong></span> <span class='ocrx_word' id='word_1_144' title='bbox 1386 2227 1491 2307; x_wconf 87' lang='lat' dir='ltr'><strong>quae</strong></span> <span class='ocrx_word' id='word_1_145' title='bbox 1511 2227 1562 2280; x_wconf 87' lang='lat' dir='ltr'><strong>ex</strong></span> <span class='ocrx_word' id='word_1_146' title='bbox 1586 2199 1774 2284; x_wconf 92' lang='lat' dir='ltr'><strong>hebraico</strong></span> <span class='ocrx_word' id='word_1_147' title='bbox 1800 2217 1912 2284; x_wconf 84' lang='lat' dir='ltr'><strong>textu</strong></span> <span class='ocrx_word' id='word_1_148' title='bbox 1942 2199 2166 2298; x_wconf 86' lang='lat' dir='ltr'><strong>fluxerunt,</strong></span> <span class='ocrx_word' id='word_1_149' title='bbox 2190 2231 2273 2287; x_wconf 90' lang='lat' dir='ltr'><strong>non</strong></span> 
     </span>
     <span class='ocr_line' id='line_1_16' title="bbox 466 2317 2276 2434; baseline 0.007 -38"><span class='ocrx_word' id='word_1_150' title='bbox 466 2317 731 2423; x_wconf 83' lang='lat' dir='ltr'><strong>negleximus,</strong></span> <span class='ocrx_word' id='word_1_151' title='bbox 757 2323 858 2431; x_wconf 87' lang='lat' dir='ltr'><strong>quin</strong></span> <span class='ocrx_word' id='word_1_152' title='bbox 885 2327 1019 2430; x_wconf 90' lang='lat' dir='ltr'><strong>potius</strong></span> <span class='ocrx_word' id='word_1_153' title='bbox 1046 2322 1209 2406; x_wconf 89' lang='lat' dir='ltr'><strong>abunde</strong></span> <span class='ocrx_word' id='word_1_154' title='bbox 1234 2324 1588 2432; x_wconf 79' lang='lat' dir='ltr'><strong>frequentavimus.</strong></span> <span class='ocrx_word' id='word_1_155' title='bbox 1614 2324 1869 2432; x_wconf 89' lang='lat' dir='ltr'><strong>Proindeque</strong></span> <span class='ocrx_word' id='word_1_156' title='bbox 1896 2325 2055 2432; x_wconf 89' lang='lat' dir='ltr'><strong>saepius</strong></span> <span class='ocrx_word' id='word_1_157' title='bbox 2078 2352 2276 2434; x_wconf 87' lang='lat' dir='ltr'><strong>provoca-</strong></span> 
     </span>
     <span class='ocr_line' id='line_1_17' title="bbox 466 2442 2274 2557; baseline 0.008 -39"><span class='ocrx_word' id='word_1_158' title='bbox 466 2442 592 2522; x_wconf 92' lang='lat' dir='ltr'><strong>vimus</strong></span> <span class='ocrx_word' id='word_1_159' title='bbox 614 2443 666 2524; x_wconf 91' lang='lat' dir='ltr'><strong>ad</strong></span> <span class='ocrx_word' id='word_1_160' title='bbox 688 2446 1056 2554; x_wconf 88' lang='lat' dir='ltr'><strong>interpretationem</strong></span> <span class='ocrx_word' id='word_1_161' title='bbox 1078 2451 1289 2556; x_wconf 88' lang='lat' dir='ltr'><strong>syriacam,</strong></span> <span class='ocrx_word' id='word_1_162' title='bbox 1310 2450 1604 2546; x_wconf 84' lang='lat' dir='ltr'><strong>samaritanam,</strong></span> <span class='ocrx_word' id='word_1_163' title='bbox 1630 2449 1850 2544; x_wconf 87' lang='lat' dir='ltr'><strong>arabicam,</strong></span> <span class='ocrx_word' id='word_1_164' title='bbox 1876 2450 2088 2557; x_wconf 88' lang='lat' dir='ltr'><strong>persicam,</strong></span> <span class='ocrx_word' id='word_1_165' title='bbox 2111 2478 2274 2534; x_wconf 89' lang='lat' dir='ltr'><strong>necnon</strong></span> 
     </span>
     <span class='ocr_line' id='line_1_18' title="bbox 465 2563 2273 2680; baseline 0.008 -38"><span class='ocrx_word' id='word_1_166' title='bbox 465 2563 516 2646; x_wconf 88' lang='lat' dir='ltr'><strong>ad</strong></span> <span class='ocrx_word' id='word_1_167' title='bbox 543 2582 699 2674; x_wconf 87' lang='lat' dir='ltr'><strong>turgum</strong></span> <span class='ocrx_word' id='word_1_168' title='bbox 722 2570 935 2666; x_wconf 87' lang='lat' dir='ltr'><strong>Onkelosi,</strong></span> <span class='ocrx_word' id='word_1_169' title='bbox 961 2573 1172 2652; x_wconf 89' lang='lat' dir='ltr'><strong>lonatbani</strong></span> <span class='ocrx_word' id='word_1_170' title='bbox 1192 2575 1285 2680; x_wconf 91' lang='lat' dir='ltr'><strong>(scu</strong></span> <span class='ocrx_word' id='word_1_171' title='bbox 1309 2573 1443 2680; x_wconf 90' lang='lat' dir='ltr'><strong>potius</strong></span> <span class='ocrx_word' id='word_1_172' title='bbox 1466 2570 1875 2679; x_wconf 78' lang='lat' dir='ltr'><strong>pseudo-Ionatham)</strong></span> <span class='ocrx_word' id='word_1_173' title='bbox 1896 2587 1937 2654; x_wconf 89' lang='lat' dir='ltr'><strong>et</strong></span> <span class='ocrx_word' id='word_1_174' title='bbox 1959 2572 2273 2680; x_wconf 86' lang='lat' dir='ltr'><strong>hierosolymita·</strong></span> 
     </span>
     <span class='ocr_line' id='line_1_19' title="bbox 464 2694 2275 2836; baseline 0.007 -68"><span class='ocrx_word' id='word_1_175' title='bbox 464 2717 581 2770; x_wconf 89' lang='lat' dir='ltr'><strong>num:</strong></span> <span class='ocrx_word' id='word_1_176' title='bbox 603 2719 708 2833; x_wconf 78' lang='lat' dir='ltr'><strong>quac</strong></span> <span class='ocrx_word' id='word_1_177' title='bbox 725 2696 858 2774; x_wconf 91' lang='lat' dir='ltr'><strong>omnia</strong></span> <span class='ocrx_word' id='word_1_178' title='bbox 877 2723 926 2776; x_wconf 91' lang='lat' dir='ltr'><strong>ex</strong></span> <span class='ocrx_word' id='word_1_179' title='bbox 944 2697 1195 2778; x_wconf 87' lang='lat' dir='ltr'><strong>waltonianis</strong></span> <span class='ocrx_word' id='word_1_180' title='bbox 1211 2694 1516 2778; x_wconf 86' lang='lat' dir='ltr'><strong>londinensibus</strong></span> <span class='ocrx_word' id='word_1_181' title='bbox 1535 2697 1767 2836; x_wconf 85' lang='lat' dir='ltr'><strong>polyglottis</strong></span> <span class='ocrx_word' id='word_1_182' title='bbox 1784 2697 2008 2778; x_wconf 87' lang='lat' dir='ltr'><strong>hausimus:</strong></span> <span class='ocrx_word' id='word_1_183' title='bbox 2031 2696 2275 2782; x_wconf 86' lang='lat' dir='ltr'><strong>earumdem·</strong></span> 
     </span>
     <span class='ocr_line' id='line_1_20' title="bbox 463 2817 2274 2929; baseline 0.007 -37"><span class='ocrx_word' id='word_1_184' title='bbox 463 2839 545 2918; x_wconf 90' lang='lat' dir='ltr'><strong>quc</strong></span> <span class='ocrx_word' id='word_1_185' title='bbox 571 2817 822 2917; x_wconf 89' lang='lat' dir='ltr'><strong>versionum,</strong></span> <span class='ocrx_word' id='word_1_186' title='bbox 852 2819 1116 2903; x_wconf 84' lang='lat' dir='ltr'><strong>chaldaicae</strong></span> <span class='ocrx_word' id='word_1_187' title='bbox 1104 2850 1149 2900; x_wconf 89' lang='lat' dir='ltr'><strong>m</strong></span> <span class='ocrx_word' id='word_1_188' title='bbox 1176 2821 1313 2929; x_wconf 90' lang='lat' dir='ltr'><strong>primis</strong></span> <span class='ocrx_word' id='word_1_189' title='bbox 1341 2837 1381 2901; x_wconf 91' lang='lat' dir='ltr'><strong>et</strong></span> <span class='ocrx_word' id='word_1_190' title='bbox 1407 2847 1541 2927; x_wconf 88' lang='lat' dir='ltr'><strong>syrae,</strong></span> <span class='ocrx_word' id='word_1_191' title='bbox 1566 2821 1695 2902; x_wconf 88' lang='lat' dir='ltr'><strong>varias</strong></span> <span class='ocrx_word' id='word_1_192' title='bbox 1721 2820 1910 2904; x_wconf 86' lang='lat' dir='ltr'><strong>lectiones</strong></span> <span class='ocrx_word' id='word_1_193' title='bbox 1936 2820 1998 2900; x_wconf 91' lang='lat' dir='ltr'><strong>vel</strong></span> <span class='ocrx_word' id='word_1_194' title='bbox 2025 2848 2075 2902; x_wconf 88' lang='lat' dir='ltr'><strong>ex</strong></span> <span class='ocrx_word' id='word_1_195' title='bbox 2102 2821 2274 2904; x_wconf 89' lang='lat' dir='ltr'><strong>laudatis</strong></span> 
     </span>
     <span class='ocr_line' id='line_1_21' title="bbox 463 2937 2271 3055; baseline 0.006 -39"><span class='ocrx_word' id='word_1_196' title='bbox 463 2937 712 3044; x_wconf 87' lang='lat' dir='ltr'><strong>polyglottis,</strong></span> <span class='ocrx_word' id='word_1_197' title='bbox 736 2944 797 3023; x_wconf 90' lang='lat' dir='ltr'><strong>vel</strong></span> <span class='ocrx_word' id='word_1_198' title='bbox 824 2971 875 3024; x_wconf 90' lang='lat' dir='ltr'><strong>ex</strong></span> <span class='ocrx_word' id='word_1_199' title='bbox 903 2944 988 3025; x_wconf 88' lang='lat' dir='ltr'><strong>aliis</strong></span> <span class='ocrx_word' id='word_1_200' title='bbox 1013 2943 1262 3026; x_wconf 89' lang='lat' dir='ltr'><strong>documentis</strong></span> <span class='ocrx_word' id='word_1_201' title='bbox 1283 2943 1395 3026; x_wconf 90' lang='lat' dir='ltr'><strong>haud</strong></span> <span class='ocrx_word' id='word_1_202' title='bbox 1419 2973 1509 3026; x_wconf 92' lang='lat' dir='ltr'><strong>raro</strong></span> <span class='ocrx_word' id='word_1_203' title='bbox 1535 2946 1816 3055; x_wconf 89' lang='lat' dir='ltr'><strong>prompsimus.</strong></span> <span class='ocrx_word' id='word_1_204' title='bbox 1841 2945 2001 3028; x_wconf 74' lang='lat' dir='ltr'><strong>Lacum</strong></span> <span class='ocrx_word' id='word_1_205' title='bbox 2026 2974 2120 3029; x_wconf 83' lang='lat' dir='ltr'><strong>vero</strong></span> <span class='ocrx_word' id='word_1_206' title='bbox 2147 2948 2271 3032; x_wconf 88' lang='lat' dir='ltr'><strong>inter-</strong></span> 
     </span>
     <span class='ocr_line' id='line_1_22' title="bbox 462 3064 1758 3178; baseline 0.006 -38"><span class='ocrx_word' id='word_1_207' title='bbox 462 3064 704 3164; x_wconf 88' lang='lat' dir='ltr'><strong>pretationes</strong></span> <span class='ocrx_word' id='word_1_208' title='bbox 731 3095 754 3146; x_wconf 90' lang='lat' dir='ltr'><strong>a</strong></span> <span class='ocrx_word' id='word_1_209' title='bbox 781 3067 976 3149; x_wconf 91' lang='lat' dir='ltr'><strong>Waltono</strong></span> <span class='ocrx_word' id='word_1_210' title='bbox 1004 3068 1128 3150; x_wconf 88' lang='lat' dir='ltr'><strong>editas</strong></span> <span class='ocrx_word' id='word_1_211' title='bbox 1154 3069 1312 3178; x_wconf 87' lang='lat' dir='ltr'><strong>saepius</strong></span> <span class='ocrx_word' id='word_1_212' title='bbox 1338 3068 1515 3150; x_wconf 86' lang='lat' dir='ltr'><strong>falsitatis</strong></span> <span class='ocrx_word' id='word_1_213' title='bbox 1543 3069 1758 3175; x_wconf 88' lang='lat' dir='ltr'><strong>arguimus.</strong></span> 
     </span>
    </p>

    <p class='ocr_par' dir='ltr' id='par_1_5' title="bbox 454 3188 2274 4782">
     <span class='ocr_line' id='line_1_23' title="bbox 569 3188 2273 3300; baseline 0.008 -36"><span class='ocrx_word' id='word_1_214' title='bbox 569 3188 608 3265; x_wconf 96' lang='grc'><strong>6.</strong></span> <span class='ocrx_word' id='word_1_215' title='bbox 638 3189 705 3268; x_wconf 89' lang='lat' dir='ltr'><strong>Ad</strong></span> <span class='ocrx_word' id='word_1_216' title='bbox 731 3191 847 3288; x_wconf 88' lang='lat' dir='ltr'><strong>haec,</strong></span> <span class='ocrx_word' id='word_1_217' title='bbox 871 3194 1145 3300; x_wconf 88' lang='lat' dir='ltr'><strong>Hexaplorum</strong></span> <span class='ocrx_word' id='word_1_218' title='bbox 1164 3193 1350 3300; x_wconf 87' lang='lat' dir='ltr'><strong>Origenis</strong></span> <span class='ocrx_word' id='word_1_219' title='bbox 1371 3193 1591 3300; x_wconf 82' lang='lat' dir='ltr'><strong>fragmenta</strong></span> <span class='ocrx_word' id='word_1_220' title='bbox 1614 3191 1791 3276; x_wconf 88' lang='lat' dir='ltr'><strong>studiose</strong></span> <span class='ocrx_word' id='word_1_221' title='bbox 1810 3194 2140 3300; x_wconf 86' lang='lat' dir='ltr'><strong>comparavimus.</strong></span> <span class='ocrx_word' id='word_1_222' title='bbox 2169 3195 2273 3282; x_wconf 86' lang='lat' dir='ltr'><strong>Nam</strong></span> 
     </span>
     <span class='ocr_line' id='line_1_24' title="bbox 461 3313 2274 3428; baseline 0.008 -41"><span class='ocrx_word' id='word_1_223' title='bbox 461 3325 621 3413; x_wconf 86' lang='lat' dir='ltr'><strong>praeter</strong></span> <span class='ocrx_word' id='word_1_224' title='bbox 642 3338 811 3419; x_wconf 89' lang='lat' dir='ltr'><strong>eaquae</strong></span> <span class='ocrx_word' id='word_1_225' title='bbox 834 3313 1128 3422; x_wconf 88' lang='lat' dir='ltr'><strong>diligentissime</strong></span> <span class='ocrx_word' id='word_1_226' title='bbox 1151 3317 1475 3400; x_wconf 84' lang='lat' dir='ltr'><strong>Montfauconius</strong></span> <span class='ocrx_word' id='word_1_227' title='bbox 1498 3317 1657 3424; x_wconf 84' lang='lat' dir='ltr'><strong>collegit</strong></span> <span class='ocrx_word' id='word_1_228' title='bbox 1679 3315 1907 3423; x_wconf 85' lang='lat' dir='ltr'><strong>ediditque,</strong></span> <span class='ocrx_word' id='word_1_229' title='bbox 1931 3317 2008 3400; x_wconf 89' lang='lat' dir='ltr'><strong>alia</strong></span> <span class='ocrx_word' id='word_1_230' title='bbox 2032 3345 2116 3402; x_wconf 89' lang='lat' dir='ltr'><strong>non</strong></span> <span class='ocrx_word' id='word_1_231' title='bbox 2142 3347 2274 3428; x_wconf 87' lang='lat' dir='ltr'><strong>pauca</strong></span> 
     </span>
     <span class='ocr_line' id='line_1_25' title="bbox 459 3435 2269 3552; baseline 0.006 -41"><span class='ocrx_word' id='word_1_232' title='bbox 459 3448 546 3513; x_wconf 91' lang='lat' dir='ltr'><strong>tum</strong></span> <span class='ocrx_word' id='word_1_233' title='bbox 573 3461 625 3514; x_wconf 91' lang='lat' dir='ltr'><strong>ex</strong></span> <span class='ocrx_word' id='word_1_234' title='bbox 652 3435 859 3518; x_wconf 91' lang='lat' dir='ltr'><strong>codicibus</strong></span> <span class='ocrx_word' id='word_1_235' title='bbox 883 3440 1155 3538; x_wconf 88' lang='lat' dir='ltr'><strong>holmesianis,</strong></span> <span class='ocrx_word' id='word_1_236' title='bbox 1181 3458 1268 3521; x_wconf 92' lang='lat' dir='ltr'><strong>tum</strong></span> <span class='ocrx_word' id='word_1_237' title='bbox 1296 3469 1345 3521; x_wconf 86' lang='lat' dir='ltr'><strong>ex</strong></span> <span class='ocrx_word' id='word_1_238' title='bbox 1371 3458 1552 3522; x_wconf 87' lang='lat' dir='ltr'><strong>veterum</strong></span> <span class='ocrx_word' id='word_1_239' title='bbox 1576 3457 1738 3548; x_wconf 88' lang='lat' dir='ltr'><strong>patrum</strong></span> <span class='ocrx_word' id='word_1_240' title='bbox 1764 3440 1960 3548; x_wconf 90' lang='lat' dir='ltr'><strong>operibus</strong></span> <span class='ocrx_word' id='word_1_241' title='bbox 1984 3445 2269 3552; x_wconf 86' lang='lat' dir='ltr'><strong>congessimus.</strong></span> 
     </span>
     <span class='ocr_line' id='line_1_26' title="bbox 460 3555 2273 3676; baseline 0.009 -42"><span class='ocrx_word' id='word_1_242' title='bbox 460 3555 656 3638; x_wconf 91' lang='lat' dir='ltr'><strong>Ubericra</strong></span> <span class='ocrx_word' id='word_1_243' title='bbox 675 3562 973 3669; x_wconf 88' lang='lat' dir='ltr'><strong>supplementa,</strong></span> <span class='ocrx_word' id='word_1_244' title='bbox 995 3591 1044 3644; x_wconf 91' lang='lat' dir='ltr'><strong>ex</strong></span> <span class='ocrx_word' id='word_1_245' title='bbox 1063 3564 1224 3672; x_wconf 90' lang='lat' dir='ltr'><strong>syriacis</strong></span> <span class='ocrx_word' id='word_1_246' title='bbox 1242 3567 1470 3672; x_wconf 89' lang='lat' dir='ltr'><strong>praesertim</strong></span> <span class='ocrx_word' id='word_1_247' title='bbox 1489 3565 1771 3672; x_wconf 90' lang='lat' dir='ltr'><strong>hexaplaribus</strong></span> <span class='ocrx_word' id='word_1_248' title='bbox 1789 3565 2015 3662; x_wconf 91' lang='lat' dir='ltr'><strong>codicibus,</strong></span> <span class='ocrx_word' id='word_1_249' title='bbox 2038 3568 2080 3645; x_wconf 90' lang='lat' dir='ltr'><strong>in</strong></span> <span class='ocrx_word' id='word_1_250' title='bbox 2098 3595 2273 3676; x_wconf 90' lang='lat' dir='ltr'><strong>sequeu-</strong></span> 
     </span>
     <span class='ocr_line' id='line_1_27' title="bbox 460 3679 2274 3798; baseline 0.008 -39"><span class='ocrx_word' id='word_1_251' title='bbox 460 3679 569 3760; x_wconf 91' lang='lat' dir='ltr'><strong>tibus</strong></span> <span class='ocrx_word' id='word_1_252' title='bbox 595 3683 706 3762; x_wconf 89' lang='lat' dir='ltr'><strong>libris</strong></span> <span class='ocrx_word' id='word_1_253' title='bbox 734 3683 898 3766; x_wconf 90' lang='lat' dir='ltr'><strong>daturos</strong></span> <span class='ocrx_word' id='word_1_254' title='bbox 926 3713 1143 3795; x_wconf 90' lang='lat' dir='ltr'><strong>speramus.</strong></span> <span class='ocrx_word' id='word_1_255' title='bbox 1174 3689 1290 3789; x_wconf 90' lang='lat' dir='ltr'><strong>Quae</strong></span> <span class='ocrx_word' id='word_1_256' title='bbox 1321 3686 1485 3797; x_wconf 91' lang='lat' dir='ltr'><strong>quidem</strong></span> <span class='ocrx_word' id='word_1_257' title='bbox 1510 3688 1554 3767; x_wconf 90' lang='lat' dir='ltr'><strong>in</strong></span> <span class='ocrx_word' id='word_1_258' title='bbox 1587 3687 1838 3795; x_wconf 88' lang='lat' dir='ltr'><strong>exquirenda</strong></span> <span class='ocrx_word' id='word_1_259' title='bbox 1871 3689 2105 3798; x_wconf 83' lang='lat' dir='ltr'><strong>tuendaque</strong></span> <span class='ocrx_word' id='word_1_260' title='bbox 2138 3693 2274 3773; x_wconf 89' lang='lat' dir='ltr'><strong>hiero·</strong></span> 
     </span>
     <span class='ocr_line' id='line_1_28' title="bbox 459 3806 2273 3922; baseline 0.007 -37"><span class='ocrx_word' id='word_1_261' title='bbox 459 3806 645 3912; x_wconf 91' lang='lat' dir='ltr'><strong>nymiaua</strong></span> <span class='ocrx_word' id='word_1_262' title='bbox 668 3809 997 3918; x_wconf 88' lang='lat' dir='ltr'><strong>interpretatione</strong></span> <span class='ocrx_word' id='word_1_263' title='bbox 1022 3815 1353 3922; x_wconf 86' lang='lat' dir='ltr'><strong>quammaximum</strong></span> <span class='ocrx_word' id='word_1_264' title='bbox 1374 3813 1583 3894; x_wconf 90' lang='lat' dir='ltr'><strong>utilitatem</strong></span> <span class='ocrx_word' id='word_1_265' title='bbox 1606 3811 1749 3896; x_wconf 82' lang='lat' dir='ltr'><strong>afferre</strong></span> <span class='ocrx_word' id='word_1_266' title='bbox 1776 3831 1958 3920; x_wconf 91' lang='lat' dir='ltr'><strong>possunt.</strong></span> <span class='ocrx_word' id='word_1_267' title='bbox 1988 3813 2089 3896; x_wconf 92' lang='lat' dir='ltr'><strong>Nam</strong></span> <span class='ocrx_word' id='word_1_268' title='bbox 2114 3817 2273 3898; x_wconf 88' lang='lat' dir='ltr'><strong>Ductor</strong></span> 
     </span>
     <span class='ocr_line' id='line_1_29' title="bbox 457 3929 2273 4045; baseline 0.007 -37"><span class='ocrx_word' id='word_1_269' title='bbox 457 3929 654 4012; x_wconf 88' lang='lat' dir='ltr'><strong>Maximus</strong></span> <span class='ocrx_word' id='word_1_270' title='bbox 676 3933 719 4011; x_wconf 92' lang='lat' dir='ltr'><strong>iu</strong></span> <span class='ocrx_word' id='word_1_271' title='bbox 743 3933 1032 4016; x_wconf 89' lang='lat' dir='ltr'><strong>difficilioribus</strong></span> <span class='ocrx_word' id='word_1_272' title='bbox 1053 3936 1351 4044; x_wconf 86' lang='lat' dir='ltr'><strong>Scripturarum</strong></span> <span class='ocrx_word' id='word_1_273' title='bbox 1374 3937 1472 4016; x_wconf 89' lang='lat' dir='ltr'><strong>locis</strong></span> <span class='ocrx_word' id='word_1_274' title='bbox 1494 3934 1763 4045; x_wconf 86' lang='lat' dir='ltr'><strong>exponendis,</strong></span> <span class='ocrx_word' id='word_1_275' title='bbox 1784 3936 1857 4016; x_wconf 92' lang='lat' dir='ltr'><strong>ubi</strong></span> <span class='ocrx_word' id='word_1_276' title='bbox 1879 3937 2185 4020; x_wconf 87' lang='lat' dir='ltr'><strong>alexandrinum</strong></span> <span class='ocrx_word' id='word_1_277' title='bbox 2211 3941 2273 4021; x_wconf 93' lang='lat' dir='ltr'><strong>in·</strong></span> 
     </span>
     <span class='ocr_line' id='line_1_30' title="bbox 457 4055 2272 4170; baseline 0.008 -39"><span class='ocrx_word' id='word_1_278' title='bbox 457 4071 670 4162; x_wconf 91' lang='lat' dir='ltr'><strong>terpretem</strong></span> <span class='ocrx_word' id='word_1_279' title='bbox 694 4055 887 4155; x_wconf 90' lang='lat' dir='ltr'><strong>deseruit,</strong></span> <span class='ocrx_word' id='word_1_280' title='bbox 908 4057 1188 4168; x_wconf 90' lang='lat' dir='ltr'><strong>Symmachum</strong></span> <span class='ocrx_word' id='word_1_281' title='bbox 1212 4088 1342 4170; x_wconf 89' lang='lat' dir='ltr'><strong>prope</strong></span> <span class='ocrx_word' id='word_1_282' title='bbox 1365 4061 1539 4140; x_wconf 85' lang='lat' dir='ltr'><strong>imitatus</strong></span> <span class='ocrx_word' id='word_1_283' title='bbox 1564 4073 1643 4157; x_wconf 89' lang='lat' dir='ltr'><strong>est,</strong></span> <span class='ocrx_word' id='word_1_284' title='bbox 1666 4059 1781 4139; x_wconf 90' lang='lat' dir='ltr'><strong>cuius</strong></span> <span class='ocrx_word' id='word_1_285' title='bbox 1805 4061 1965 4166; x_wconf 89' lang='lat' dir='ltr'><strong>ingenio</strong></span> <span class='ocrx_word' id='word_1_286' title='bbox 1987 4078 2110 4170; x_wconf 89' lang='lat' dir='ltr'><strong>atque</strong></span> <span class='ocrx_word' id='word_1_287' title='bbox 2135 4063 2272 4145; x_wconf 91' lang='lat' dir='ltr'><strong>erudi·</strong></span> 
     </span>
     <span class='ocr_line' id='line_1_31' title="bbox 456 4177 2269 4294; baseline 0.004 -35"><span class='ocrx_word' id='word_1_288' title='bbox 456 4177 584 4278; x_wconf 88' lang='lat' dir='ltr'><strong>tione,</strong></span> <span class='ocrx_word' id='word_1_289' title='bbox 610 4197 656 4260; x_wconf 93' lang='lat' dir='ltr'><strong>ut</strong></span> <span class='ocrx_word' id='word_1_290' title='bbox 676 4181 738 4261; x_wconf 73' lang='lat' dir='ltr'><strong>‘ait</strong></span> <span class='ocrx_word' id='word_1_291' title='bbox 759 4181 977 4264; x_wconf 88' lang='lat' dir='ltr'><strong>Vallarsius</strong></span> <span class='ocrx_word' id='word_1_292' title='bbox 999 4189 1164 4294; x_wconf 83' lang='lat' dir='ltr'><strong>(praes.</strong></span> <span class='ocrx_word' id='word_1_293' title='bbox 1185 4185 1243 4269; x_wconf 85' lang='lat' dir='ltr'><strong>cd</strong></span> <span class='ocrx_word' id='word_1_294' title='bbox 1267 4202 1364 4266; x_wconf 87' lang='lat' dir='ltr'><strong>tom.</strong></span> <span class='ocrx_word' id='word_1_295' title='bbox 1385 4183 1507 4283; x_wconf 85' lang='lat' dir='ltr'><strong>IX.)</strong></span> <span class='ocrx_word' id='word_1_296' title='bbox 1514 4241 1528 4280; x_wconf 97' lang='lat'><strong>,</strong></span> <span class='ocrx_word' id='word_1_297' title='bbox 1554 4181 1697 4265; x_wconf 89' lang='lat' dir='ltr'><strong>mirum</strong></span> <span class='ocrx_word' id='word_1_298' title='bbox 1719 4181 1763 4265; x_wconf 92' lang='lat' dir='ltr'><strong>iu</strong></span> <span class='ocrx_word' id='word_1_299' title='bbox 1787 4182 1949 4266; x_wconf 91' lang='lat' dir='ltr'><strong>modum</strong></span> <span class='ocrx_word' id='word_1_300' title='bbox 1973 4181 2269 4284; x_wconf 88' lang='lat' dir='ltr'><strong>delectabatur;</strong></span> 
     </span>
     <span class='ocr_line' id='line_1_32' title="bbox 454 4302 2273 4418; baseline 0.007 -38"><span class='ocrx_word' id='word_1_301' title='bbox 454 4302 496 4380; x_wconf 87' lang='lat' dir='ltr'><strong>in</strong></span> <span class='ocrx_word' id='word_1_302' title='bbox 523 4302 737 4384; x_wconf 88' lang='lat' dir='ltr'><strong>reddendis</strong></span> <span class='ocrx_word' id='word_1_303' title='bbox 764 4322 896 4385; x_wconf 88' lang='lat' dir='ltr'><strong>autem</strong></span> <span class='ocrx_word' id='word_1_304' title='bbox 923 4306 1224 4388; x_wconf 89' lang='lat' dir='ltr'><strong>obscurioribus</strong></span> <span class='ocrx_word' id='word_1_305' title='bbox 1251 4306 1383 4387; x_wconf 90' lang='lat' dir='ltr'><strong>verbis</strong></span> <span class='ocrx_word' id='word_1_306' title='bbox 1409 4307 1599 4415; x_wconf 89' lang='lat' dir='ltr'><strong>Aquilam</strong></span> <span class='ocrx_word' id='word_1_307' title='bbox 1627 4333 1745 4414; x_wconf 89' lang='lat' dir='ltr'><strong>saepe</strong></span> <span class='ocrx_word' id='word_1_308' title='bbox 1772 4307 1996 4404; x_wconf 89' lang='lat' dir='ltr'><strong>consuluit,</strong></span> <span class='ocrx_word' id='word_1_309' title='bbox 2017 4326 2058 4390; x_wconf 91' lang='lat' dir='ltr'><strong>et</strong></span> <span class='ocrx_word' id='word_1_310' title='bbox 2081 4310 2273 4418; x_wconf 89' lang='lat' dir='ltr'><strong>quando·</strong></span> 
     </span>
     <span class='ocr_line' id='line_1_33' title="bbox 454 4424 2271 4542; baseline 0.006 -37"><span class='ocrx_word' id='word_1_311' title='bbox 454 4453 534 4534; x_wconf 90' lang='lat' dir='ltr'><strong>que</strong></span> <span class='ocrx_word' id='word_1_312' title='bbox 553 4424 873 4512; x_wconf 86' lang='lat' dir='ltr'><strong>Theodotionem</strong></span> <span class='ocrx_word' id='word_1_313' title='bbox 893 4429 965 4536; x_wconf 88' lang='lat'><strong>(1).</strong></span> <span class='ocrx_word' id='word_1_314' title='bbox 991 4431 1050 4512; x_wconf 89' lang='lat' dir='ltr'><strong>lta</strong></span> <span class='ocrx_word' id='word_1_315' title='bbox 1070 4447 1114 4513; x_wconf 91' lang='lat' dir='ltr'><strong>ut</strong></span> <span class='ocrx_word' id='word_1_316' title='bbox 1131 4432 1327 4514; x_wconf 90' lang='lat' dir='ltr'><strong>nonnulla</strong></span> <span class='ocrx_word' id='word_1_317' title='bbox 1350 4458 1454 4540; x_wconf 91' lang='lat' dir='ltr'><strong>quae</strong></span> <span class='ocrx_word' id='word_1_318' title='bbox 1472 4432 1569 4512; x_wconf 92' lang='lat' dir='ltr'><strong>olim</strong></span> <span class='ocrx_word' id='word_1_319' title='bbox 1595 4429 1864 4520; x_wconf 86' lang='lat' dir='ltr'><strong>censebantur</strong></span> <span class='ocrx_word' id='word_1_320' title='bbox 1881 4459 1903 4511; x_wconf 89' lang='lat' dir='ltr'><strong>a</strong></span> <span class='ocrx_word' id='word_1_321' title='bbox 1923 4431 2170 4542; x_wconf 91' lang='lat' dir='ltr'><strong>Hieronymo</strong></span> <span class='ocrx_word' id='word_1_322' title='bbox 2190 4463 2271 4542; x_wconf 91' lang='lat' dir='ltr'><strong>pro</strong></span> 
     </span>
     <span class='ocr_line' id='line_1_34' title="bbox 454 4551 2271 4666; baseline 0.008 -40"><span class='ocrx_word' id='word_1_323' title='bbox 454 4551 616 4654; x_wconf 89' lang='lat' dir='ltr'><strong>ingenio</strong></span> <span class='ocrx_word' id='word_1_324' title='bbox 639 4579 712 4630; x_wconf 91' lang='lat' dir='ltr'><strong>suo</strong></span> <span class='ocrx_word' id='word_1_325' title='bbox 735 4570 807 4634; x_wconf 90' lang='lat' dir='ltr'><strong>aut</strong></span> <span class='ocrx_word' id='word_1_326' title='bbox 825 4554 991 4635; x_wconf 86' lang='lat' dir='ltr'><strong>arbitrio</strong></span> <span class='ocrx_word' id='word_1_327' title='bbox 1013 4583 1223 4664; x_wconf 90' lang='lat' dir='ltr'><strong>perperam</strong></span> <span class='ocrx_word' id='word_1_328' title='bbox 1245 4556 1421 4652; x_wconf 89' lang='lat' dir='ltr'><strong>reddita,</strong></span> <span class='ocrx_word' id='word_1_329' title='bbox 1447 4583 1559 4637; x_wconf 91' lang='lat' dir='ltr'><strong>nunc</strong></span> <span class='ocrx_word' id='word_1_330' title='bbox 1579 4555 1656 4636; x_wconf 88' lang='lat' dir='ltr'><strong>iam</strong></span> <span class='ocrx_word' id='word_1_331' title='bbox 1679 4573 1796 4636; x_wconf 90' lang='lat' dir='ltr'><strong>caute</strong></span> <span class='ocrx_word' id='word_1_332' title='bbox 1813 4554 2117 4666; x_wconf 89' lang='lat' dir='ltr'><strong>prudenterque</strong></span> <span class='ocrx_word' id='word_1_333' title='bbox 2137 4562 2271 4666; x_wconf 85' lang='lat' dir='ltr'><strong>posita</strong></span> 
     </span>
     <span class='ocr_line' id='line_1_35' title="bbox 454 4677 1856 4782; baseline 0.009 -33"><span class='ocrx_word' id='word_1_334' title='bbox 454 4691 687 4779; x_wconf 90' lang='lat' dir='ltr'><strong>appareant.</strong></span> <span class='ocrx_word' id='word_1_335' title='bbox 714 4677 831 4757; x_wconf 70' lang='lat' dir='ltr'><strong>cons.</strong></span> <span class='ocrx_word' id='word_1_336' title='bbox 861 4677 912 4758; x_wconf 90' lang='lat' dir='ltr'><strong>ad</strong></span> <span class='ocrx_word' id='word_1_337' title='bbox 939 4679 1060 4762; x_wconf 92' lang='lat' dir='ltr'><strong>Num.</strong></span> <span class='ocrx_word' id='word_1_338' title='bbox 1082 4681 1233 4782; x_wconf 87' lang='lat' dir='ltr'><strong>XXIV,</strong></span> <span class='ocrx_word' id='word_1_339' title='bbox 1259 4681 1299 4761; x_wconf 87' lang='grc'><strong>3.</strong></span> <span class='ocrx_word' id='word_1_340' title='bbox 1323 4681 1442 4761; x_wconf 92' lang='lat' dir='ltr'><strong>Deut.</strong></span> <span class='ocrx_word' id='word_1_341' title='bbox 1463 4680 1540 4778; x_wconf 88' lang='lat' dir='ltr'><strong>XI,</strong></span> <span class='ocrx_word' id='word_1_342' title='bbox 1563 4679 1629 4762; x_wconf 92' lang='grc' dir='ltr'><strong>3ο.</strong></span> <span class='ocrx_word' id='word_1_343' title='bbox 1651 4677 1763 4778; x_wconf 90' lang='lat' dir='ltr'><strong>XIV,</strong></span> <span class='ocrx_word' id='word_1_344' title='bbox 1795 4679 1856 4761; x_wconf 82' lang='lat'><strong>13.</strong></span> 
     </span>
    </p>

    <p class='ocr_par' dir='ltr' id='par_1_6' title="bbox 452 4799 2270 5160">
     <span class='ocr_line' id='line_1_36' title="bbox 561 4799 2266 4914; baseline 0.008 -39"><span class='ocrx_word' id='word_1_345' title='bbox 561 4825 600 4902; x_wconf 89' lang='lat'><strong>7.</strong></span> <span class='ocrx_word' id='word_1_346' title='bbox 630 4799 814 4908; x_wconf 90' lang='lat' dir='ltr'><strong>Denique</strong></span> <span class='ocrx_word' id='word_1_347' title='bbox 837 4831 1021 4910; x_wconf 82' lang='lat' dir='ltr'><strong>graecum</strong></span> <span class='ocrx_word' id='word_1_348' title='bbox 1050 4821 1248 4902; x_wconf 81' lang='lat' dir='ltr'><strong>venetum,</strong></span> <span class='ocrx_word' id='word_1_349' title='bbox 1274 4833 1393 4913; x_wconf 90' lang='lat' dir='ltr'><strong>quam</strong></span> <span class='ocrx_word' id='word_1_350' title='bbox 1417 4820 1582 4903; x_wconf 89' lang='lat' dir='ltr'><strong>vocant,</strong></span> <span class='ocrx_word' id='word_1_351' title='bbox 1607 4803 1976 4912; x_wconf 90' lang='lat' dir='ltr'><strong>interpretationem</strong></span> <span class='ocrx_word' id='word_1_352' title='bbox 1998 4833 2266 4914; x_wconf 87' lang='lat' dir='ltr'><strong>usurpamus;</strong></span> 
     </span>
     <span class='ocr_line' id='line_1_37' title="bbox 453 4926 2270 5036; baseline 0.008 -38"><span class='ocrx_word' id='word_1_353' title='bbox 453 4945 538 4998; x_wconf 89' lang='lat' dir='ltr'><strong>cam</strong></span> <span class='ocrx_word' id='word_1_354' title='bbox 566 4949 710 5030; x_wconf 89' lang='lat' dir='ltr'><strong>nempe</strong></span> <span class='ocrx_word' id='word_1_355' title='bbox 737 4951 842 5032; x_wconf 86' lang='lat' dir='ltr'><strong>quae</strong></span> <span class='ocrx_word' id='word_1_356' title='bbox 865 4953 914 5006; x_wconf 89' lang='lat' dir='ltr'><strong>ex</strong></span> <span class='ocrx_word' id='word_1_357' title='bbox 939 4928 1127 5011; x_wconf 89' lang='lat' dir='ltr'><strong>hebraico</strong></span> <span class='ocrx_word' id='word_1_358' title='bbox 1150 4945 1264 5010; x_wconf 85' lang='lat' dir='ltr'><strong>textu</strong></span> <span class='ocrx_word' id='word_1_359' title='bbox 1289 4929 1340 5010; x_wconf 87' lang='lat' dir='ltr'><strong>ab</strong></span> <span class='ocrx_word' id='word_1_360' title='bbox 1364 4929 1503 5036; x_wconf 90' lang='lat' dir='ltr'><strong>ignoto</strong></span> <span class='ocrx_word' id='word_1_361' title='bbox 1525 4943 1687 5008; x_wconf 91' lang='lat' dir='ltr'><strong>auctore</strong></span> <span class='ocrx_word' id='word_1_362' title='bbox 1706 4954 1837 5033; x_wconf 90' lang='lat' dir='ltr'><strong>paene</strong></span> <span class='ocrx_word' id='word_1_363' title='bbox 1859 4926 1911 5008; x_wconf 90' lang='lat' dir='ltr'><strong>ad</strong></span> <span class='ocrx_word' id='word_1_364' title='bbox 1931 4928 2101 5009; x_wconf 89' lang='lat' dir='ltr'><strong>litteram</strong></span> <span class='ocrx_word' id='word_1_365' title='bbox 2129 4930 2270 5012; x_wconf 92' lang='lat' dir='ltr'><strong>elabo-</strong></span> 
     </span>
     <span class='ocr_line' id='line_1_38' title="bbox 452 5043 2263 5160; baseline 0.006 -38"><span class='ocrx_word' id='word_1_366' title='bbox 452 5061 536 5124; x_wconf 90' lang='lat' dir='ltr'><strong>rata</strong></span> <span class='ocrx_word' id='word_1_367' title='bbox 564 5043 657 5145; x_wconf 92' lang='lat' dir='ltr'><strong>fuit,</strong></span> <span class='ocrx_word' id='word_1_368' title='bbox 682 5064 804 5160; x_wconf 87' lang='lat' dir='ltr'><strong>atque</strong></span> <span class='ocrx_word' id='word_1_369' title='bbox 831 5050 874 5132; x_wconf 90' lang='lat' dir='ltr'><strong>in</strong></span> <span class='ocrx_word' id='word_1_370' title='bbox 901 5051 1022 5134; x_wconf 71' lang='lat' dir='ltr'><strong>arnico</strong></span> <span class='ocrx_word' id='word_1_371' title='bbox 1050 5054 1172 5136; x_wconf 89' lang='lat' dir='ltr'><strong>veteri</strong></span> <span class='ocrx_word' id='word_1_372' title='bbox 1202 5052 1339 5136; x_wconf 90' lang='lat' dir='ltr'><strong>codice</strong></span> <span class='ocrx_word' id='word_1_373' title='bbox 1365 5052 1632 5138; x_wconf 89' lang='lat' dir='ltr'><strong>bibliothecae</strong></span> <span class='ocrx_word' id='word_1_374' title='bbox 1659 5079 1691 5132; x_wconf 89' lang='lat' dir='ltr'><strong>s.</strong></span> <span class='ocrx_word' id='word_1_375' title='bbox 1717 5049 1837 5132; x_wconf 90' lang='lat' dir='ltr'><strong>Marci</strong></span> <span class='ocrx_word' id='word_1_376' title='bbox 1862 5049 2041 5132; x_wconf 89' lang='lat' dir='ltr'><strong>Venetiis</strong></span> <span class='ocrx_word' id='word_1_377' title='bbox 2064 5071 2263 5136; x_wconf 88' lang='lat' dir='ltr'><strong>servatur.</strong></span> 
     </span>
    </p>
   </div>
   <div class='ocr_carea' id='block_1_3' title="bbox 364 5276 2270 5902">
    <p class='ocr_par' dir='ltr' id='par_1_7' title="bbox 364 5276 2270 5902">
     <span class='ocr_line' id='line_1_39' title="bbox 555 5276 2270 5354; baseline 0 -12"><span class='ocrx_word' id='word_1_378' title='bbox 555 5277 594 5342; x_wconf 85' lang='grc'><strong>(1)</strong></span> <span class='ocrx_word' id='word_1_379' title='bbox 612 5276 655 5332; x_wconf 79' lang='lat' dir='ltr'><strong>En</strong></span> <span class='ocrx_word' id='word_1_380' title='bbox 674 5276 839 5352; x_wconf 80' lang='lat' dir='ltr'><strong>Hieronymi</strong></span> <span class='ocrx_word' id='word_1_381' title='bbox 859 5278 941 5340; x_wconf 81' lang='lat' dir='ltr'><strong>verba</strong></span> <span class='ocrx_word' id='word_1_382' title='bbox 960 5281 1040 5351; x_wconf 87' lang='lat' dir='ltr'><strong>(tii,</strong></span> <span class='ocrx_word' id='word_1_383' title='bbox 1062 5287 1124 5340; x_wconf 79' lang='lat'><strong>882.</strong></span> <span class='ocrx_word' id='word_1_384' title='bbox 1135 5286 1159 5352; x_wconf 84' lang='grc' dir='ltr'><strong>)ι</strong></span> <span class='ocrx_word' id='word_1_385' title='bbox 1181 5281 1322 5340; x_wconf 75' lang='lat' dir='ltr'><strong>«Nullius</strong></span> <span class='ocrx_word' id='word_1_386' title='bbox 1395 5303 1409 5332; x_wconf 71' lang='grc' dir='ltr'><strong>ι</strong></span> <span class='ocrx_word' id='word_1_387' title='bbox 1429 5295 1493 5340; x_wconf 84' lang='lat' dir='ltr'><strong>snm</strong></span> <span class='ocrx_word' id='word_1_388' title='bbox 1507 5289 1606 5340; x_wconf 80' lang='lat' dir='ltr'><strong>muna</strong></span> <span class='ocrx_word' id='word_1_389' title='bbox 1619 5281 1820 5340; x_wconf 77' lang='lat' dir='ltr'><strong>cometeutim</strong></span> <span class='ocrx_word' id='word_1_390' title='bbox 1833 5295 1940 5354; x_wconf 80' lang='lat' dir='ltr'><strong>msam,</strong></span> <span class='ocrx_word' id='word_1_391' title='bbox 1952 5278 2030 5340; x_wconf 75' lang='lat' dir='ltr'><strong>toute</strong></span> <span class='ocrx_word' id='word_1_392' title='bbox 2042 5280 2166 5339; x_wconf 66' lang='lat' dir='ltr'><strong>vannus</strong></span> <span class='ocrx_word' id='word_1_393' title='bbox 2179 5284 2270 5342; x_wconf 86' lang='lat' dir='ltr'><strong>omis·</strong></span> 
     </span>
     <span class='ocr_line' id='line_1_40' title="bbox 451 5365 2267 5446; baseline 0.004 -24"><span class='ocrx_word' id='word_1_394' title='bbox 451 5387 464 5416; x_wconf 73' lang='grc' dir='ltr'>υ</span> <span class='ocrx_word' id='word_1_395' title='bbox 485 5365 681 5424; x_wconf 74' lang='lat' dir='ltr'><strong>auctentum</strong></span> <span class='ocrx_word' id='word_1_396' title='bbox 702 5376 816 5427; x_wconf 79' lang='lat' dir='ltr'><strong>secutus</strong></span> <span class='ocrx_word' id='word_1_397' title='bbox 836 5384 917 5440; x_wconf 72' lang='lat' dir='ltr'><strong>sum3</strong></span> <span class='ocrx_word' id='word_1_398' title='bbox 935 5371 985 5430; x_wconf 84' lang='lat' dir='ltr'><strong>sed</strong></span> <span class='ocrx_word' id='word_1_399' title='bbox 1004 5370 1041 5430; x_wconf 86' lang='lat' dir='ltr'><strong>dr</strong></span> <span class='ocrx_word' id='word_1_400' title='bbox 1061 5371 1181 5430; x_wconf 83' lang='lat' dir='ltr'><strong>hebraeo</strong></span> <span class='ocrx_word' id='word_1_401' title='bbox 1200 5371 1322 5430; x_wconf 75' lang='lat' dir='ltr'><strong>nands·</strong></span> <span class='ocrx_word' id='word_1_402' title='bbox 1394 5385 1476 5439; x_wconf 73' lang='lat' dir='ltr'><strong>sao,</strong></span> <span class='ocrx_word' id='word_1_403' title='bbox 1493 5371 1661 5446; x_wconf 86' lang='lat' dir='ltr'><strong>opinionum</strong></span> <span class='ocrx_word' id='word_1_404' title='bbox 1680 5369 1786 5430; x_wconf 83' lang='lat' dir='ltr'><strong>rivulos</strong></span> <span class='ocrx_word' id='word_1_405' title='bbox 1801 5377 1987 5430; x_wconf 83' lang='lat' dir='ltr'><strong>consectarer.</strong></span> <span class='ocrx_word' id='word_1_406' title='bbox 2002 5394 2015 5420; x_wconf 71' lang='lat' dir='ltr'><strong>s</strong></span> <span class='ocrx_word' id='word_1_407' title='bbox 2037 5371 2071 5428; x_wconf 87' lang='lat' dir='ltr'><strong>ln</strong></span> <span class='ocrx_word' id='word_1_408' title='bbox 2089 5371 2149 5430; x_wconf 85' lang='lat' dir='ltr'><strong>suis</strong></span> <span class='ocrx_word' id='word_1_409' title='bbox 2165 5379 2267 5430; x_wconf 87' lang='lat' dir='ltr'><strong>autem</strong></span> 
     </span>
     <span class='ocr_line' id='line_1_41' title="bbox 450 5453 2269 5535; baseline 0.003 -25"><span class='ocrx_word' id='word_1_410' title='bbox 450 5475 464 5501; x_wconf 75' lang='grc' dir='ltr'>ι</span> <span class='ocrx_word' id='word_1_411' title='bbox 484 5467 568 5522; x_wconf 87' lang='lat' dir='ltr'><strong>rens,</strong></span> <span class='ocrx_word' id='word_1_412' title='bbox 586 5453 676 5525; x_wconf 79' lang='lat' dir='ltr'><strong>magis</strong></span> <span class='ocrx_word' id='word_1_413' title='bbox 696 5471 740 5514; x_wconf 87' lang='lat' dir='ltr'><strong>mc</strong></span> <span class='ocrx_word' id='word_1_414' title='bbox 758 5457 941 5530; x_wconf 78' lang='lat' dir='ltr'><strong>sepauginu</strong></span> <span class='ocrx_word' id='word_1_415' title='bbox 961 5460 1145 5533; x_wconf 85' lang='lat' dir='ltr'><strong>interpretum</strong></span> <span class='ocrx_word' id='word_1_416' title='bbox 1167 5466 1319 5518; x_wconf 73' lang='lat' dir='ltr'><strong>cometu-</strong></span> <span class='ocrx_word' id='word_1_417' title='bbox 1389 5460 1601 5521; x_wconf 84' lang='lat' dir='ltr'><strong>commentariis</strong></span> <span class='ocrx_word' id='word_1_418' title='bbox 1618 5459 1723 5523; x_wconf 77' lang='lat' dir='ltr'><strong>mutius</strong></span> <span class='ocrx_word' id='word_1_419' title='bbox 1738 5466 1859 5518; x_wconf 79' lang='lat' dir='ltr'><strong>tunam</strong></span> <span class='ocrx_word' id='word_1_420' title='bbox 1874 5457 2076 5535; x_wconf 80' lang='lat' dir='ltr'><strong>Symmachum</strong></span> <span class='ocrx_word' id='word_1_421' title='bbox 2095 5473 2152 5514; x_wconf 77' lang='lat' dir='ltr'><strong>noa</strong></span> <span class='ocrx_word' id='word_1_422' title='bbox 2168 5456 2269 5516; x_wconf 76' lang='lat' dir='ltr'><strong>solen</strong></span> 
     </span>
     <span class='ocr_line' id='line_1_42' title="bbox 450 5540 2267 5623; baseline 0.005 -24"><span class='ocrx_word' id='word_1_423' title='bbox 450 5565 463 5590; x_wconf 74' lang='grc' dir='ltr'><em>ν</em></span> <span class='ocrx_word' id='word_1_424' title='bbox 483 5540 543 5600; x_wconf 85' lang='lat' dir='ltr'><strong>diui</strong></span> <span class='ocrx_word' id='word_1_425' title='bbox 562 5544 707 5618; x_wconf 59' lang='lat' dir='ltr'><strong>coeptam</strong></span> <span class='ocrx_word' id='word_1_426' title='bbox 726 5546 758 5604; x_wconf 90' lang='lat' dir='ltr'><strong>in</strong></span> <span class='ocrx_word' id='word_1_427' title='bbox 776 5545 821 5604; x_wconf 88' lang='lat' dir='ltr'><strong>his</strong></span> <span class='ocrx_word' id='word_1_428' title='bbox 838 5545 1001 5618; x_wconf 84' lang='lat' dir='ltr'><strong>dumtaxat,</strong></span> <span class='ocrx_word' id='word_1_429' title='bbox 1020 5563 1092 5622; x_wconf 84' lang='lat' dir='ltr'><strong>quae</strong></span> <span class='ocrx_word' id='word_1_430' title='bbox 1113 5565 1172 5608; x_wconf 88' lang='lat' dir='ltr'><strong>uon</strong></span> <span class='ocrx_word' id='word_1_431' title='bbox 1195 5549 1319 5610; x_wconf 86' lang='lat' dir='ltr'><strong>multum</strong></span> <span class='ocrx_word' id='word_1_432' title='bbox 1389 5549 1544 5609; x_wconf 73' lang='lat' dir='ltr'><strong>mimam</strong></span> <span class='ocrx_word' id='word_1_433' title='bbox 1563 5548 1745 5623; x_wconf 61' lang='grc' dir='ltr'><strong>κακοζηλία,</strong></span> <span class='ocrx_word' id='word_1_434' title='bbox 1762 5548 1816 5608; x_wconf 77' lang='lat' dir='ltr'><strong>sed</strong></span> <span class='ocrx_word' id='word_1_435' title='bbox 1833 5546 2043 5622; x_wconf 72' lang='lat' dir='ltr'><strong>intelligentius</strong></span> <span class='ocrx_word' id='word_1_436' title='bbox 2062 5547 2197 5606; x_wconf 73' lang='lat' dir='ltr'><strong>ordinm</strong></span> <span class='ocrx_word' id='word_1_437' title='bbox 2215 5563 2267 5608; x_wconf 82' lang='lat' dir='ltr'><strong>se·</strong></span> 
     </span>
     <span class='ocr_line' id='line_1_43' title="bbox 450 5629 2268 5714; baseline 0.004 -25"><span class='ocrx_word' id='word_1_438' title='bbox 450 5654 462 5682; x_wconf 77' lang='grc' dir='ltr'>ι</span> <span class='ocrx_word' id='word_1_439' title='bbox 484 5629 520 5690; x_wconf 89' lang='lat' dir='ltr'><strong>ab</strong></span> <span class='ocrx_word' id='word_1_440' title='bbox 535 5631 673 5692; x_wconf 86' lang='lat' dir='ltr'><strong>hebraicis</strong></span> <span class='ocrx_word' id='word_1_441' title='bbox 691 5633 896 5708; x_wconf 80' lang='lat' dir='ltr'><strong>discrepabant.</strong></span> <span class='ocrx_word' id='word_1_442' title='bbox 913 5635 1057 5696; x_wconf 77' lang='lat' dir='ltr'><strong>intutum</strong></span> <span class='ocrx_word' id='word_1_443' title='bbox 1072 5637 1193 5710; x_wconf 82' lang='lat' dir='ltr'><strong>Aquilae</strong></span> <span class='ocrx_word' id='word_1_444' title='bbox 1208 5651 1321 5712; x_wconf 82' lang='lat' dir='ltr'><strong>quoque</strong></span> <span class='ocrx_word' id='word_1_445' title='bbox 1391 5642 1456 5714; x_wconf 69' lang='lat' dir='ltr'><strong>qut,</strong></span> <span class='ocrx_word' id='word_1_446' title='bbox 1468 5639 1653 5713; x_wconf 83' lang='lat' dir='ltr'><strong>eumdemque</strong></span> <span class='ocrx_word' id='word_1_447' title='bbox 1667 5650 1748 5698; x_wconf 84' lang='lat' dir='ltr'><strong>more</strong></span> <span class='ocrx_word' id='word_1_448' title='bbox 1760 5655 1812 5696; x_wconf 82' lang='lat' dir='ltr'><strong>suo</strong></span> <span class='ocrx_word' id='word_1_449' title='bbox 1824 5637 2004 5711; x_wconf 76' lang='lat' dir='ltr'><strong>mcetfesttus</strong></span> <span class='ocrx_word' id='word_1_450' title='bbox 2018 5642 2205 5712; x_wconf 61' lang='lat' dir='ltr'><strong>ambasque</strong></span> <span class='ocrx_word' id='word_1_451' title='bbox 2219 5642 2268 5696; x_wconf 80' lang='lat' dir='ltr'><strong>in·</strong></span> 
     </span>
     <span class='ocr_line' id='line_1_44' title="bbox 449 5720 2264 5801; baseline 0.004 -25"><span class='ocrx_word' id='word_1_452' title='bbox 449 5740 463 5769; x_wconf 76' lang='grc' dir='ltr'>ι</span> <span class='ocrx_word' id='word_1_453' title='bbox 483 5726 512 5777; x_wconf 84' lang='lat' dir='ltr'><strong>st</strong></span> <span class='ocrx_word' id='word_1_454' title='bbox 523 5720 686 5795; x_wconf 79' lang='lat' dir='ltr'><strong>Symmachi</strong></span> <span class='ocrx_word' id='word_1_455' title='bbox 700 5730 729 5781; x_wconf 84' lang='lat' dir='ltr'><strong>et</strong></span> <span class='ocrx_word' id='word_1_456' title='bbox 738 5721 941 5784; x_wconf 75' lang='lat' dir='ltr'><strong>Theodosiouis</strong></span> <span class='ocrx_word' id='word_1_457' title='bbox 956 5724 1118 5786; x_wconf 85' lang='lat' dir='ltr'><strong>recordatus</strong></span> <span class='ocrx_word' id='word_1_458' title='bbox 1130 5739 1211 5796; x_wconf 88' lang='lat' dir='ltr'><strong>sum,</strong></span> <span class='ocrx_word' id='word_1_459' title='bbox 1223 5735 1256 5786; x_wconf 90' lang='lat' dir='ltr'><strong>ut</strong></span> <span class='ocrx_word' id='word_1_460' title='bbox 1266 5741 1320 5788; x_wconf 88' lang='lat' dir='ltr'><strong>uec</strong></span> <span class='ocrx_word' id='word_1_461' title='bbox 1391 5731 1560 5801; x_wconf 70' lang='lat' dir='ltr'><strong>terpretem.</strong></span> <span class='ocrx_word' id='word_1_462' title='bbox 1577 5727 1680 5800; x_wconf 76' lang='lat' dir='ltr'><strong>Aquila</strong></span> <span class='ocrx_word' id='word_1_463' title='bbox 1695 5742 1759 5786; x_wconf 84' lang='lat' dir='ltr'><strong>vcro</strong></span> <span class='ocrx_word' id='word_1_464' title='bbox 1773 5724 1877 5786; x_wconf 87' lang='lat' dir='ltr'><strong>dicitur</strong></span> <span class='ocrx_word' id='word_1_465' title='bbox 1890 5727 1933 5797; x_wconf 89' lang='lat'><strong>(1,</strong></span> <span class='ocrx_word' id='word_1_466' title='bbox 1948 5731 2028 5795; x_wconf 77' lang='lat' dir='ltr'><strong>tat.)</strong></span> <span class='ocrx_word' id='word_1_467' title='bbox 2042 5726 2197 5786; x_wconf 70' lang='lat' dir='ltr'><strong>celorum</strong></span> <span class='ocrx_word' id='word_1_468' title='bbox 2210 5727 2264 5784; x_wconf 79' lang='lat' dir='ltr'><strong>lte·</strong></span> 
     </span>
     <span class='ocr_line' id='line_1_45' title="bbox 364 5809 1996 5902; baseline 0.009 -41"><span class='ocrx_word' id='word_1_469' title='bbox 364 5817 367 5822; x_wconf 82' lang='grc'><strong>’</strong></span> <span class='ocrx_word' id='word_1_470' title='bbox 449 5827 464 5858; x_wconf 77' lang='grc' dir='ltr'>ι</span> <span class='ocrx_word' id='word_1_471' title='bbox 483 5809 603 5869; x_wconf 85' lang='lat' dir='ltr'><strong>novitate</strong></span> <span class='ocrx_word' id='word_1_472' title='bbox 617 5810 706 5870; x_wconf 84' lang='lat' dir='ltr'><strong>nimia</strong></span> <span class='ocrx_word' id='word_1_473' title='bbox 721 5811 835 5873; x_wconf 88' lang='lat' dir='ltr'><strong>lectoris</strong></span> <span class='ocrx_word' id='word_1_474' title='bbox 851 5811 977 5873; x_wconf 85' lang='lat' dir='ltr'><strong>studium</strong></span> <span class='ocrx_word' id='word_1_475' title='bbox 993 5813 1176 5887; x_wconf 84' lang='lat' dir='ltr'><strong>deterrerem,</strong></span> <span class='ocrx_word' id='word_1_476' title='bbox 1189 5832 1241 5876; x_wconf 86' lang='lat' dir='ltr'><strong>nec</strong></span> <span class='ocrx_word' id='word_1_477' title='bbox 1257 5832 1318 5880; x_wconf 84' lang='lat' dir='ltr'><strong>rur·</strong></span> <span class='ocrx_word' id='word_1_478' title='bbox 1390 5817 1544 5879; x_wconf 68' lang='lat' dir='ltr'><strong>aaronem</strong></span> <span class='ocrx_word' id='word_1_479' title='bbox 1561 5817 1801 5902; x_wconf 73' lang='lat' dir='ltr'><strong>dtltpeuttsstmvr</strong></span> <span class='ocrx_word' id='word_1_480' title='bbox 1819 5815 1996 5890; x_wconf 78' lang='lat' dir='ltr'><strong>eapitcctor.</strong></span> 
     </span>
    </p>
   </div>
   <div class='ocr_carea' id='block_1_4' title="bbox 0 0 2380 6694">
    <p class='ocr_par' dir='ltr' id='par_1_8' title="bbox 0 0 2380 6694">
     <span class='ocr_line' id='line_1_46' title="bbox 0 0 2380 6694; baseline 0 7"><span class='ocrx_word' id='word_1_481' title='bbox 0 0 2380 6694; x_wconf 95' lang='lat' dir='ltr'><strong> </strong></span> 
     </span>
    </p>
   </div>
  </div>
 </body>
</html>
