4804 6692
911 577 1226 656 ructationibus
1894 569 1972 646 xiii

274 721 553 806 Verumtamen
576 743 622 805 ut
642 729 768 834 magis
788 727 962 810 dilucide
983 728 1096 837 quod
1120 729 1303 810 volumus
1325 725 1586 834 explicemus,
1606 721 1744 832 paullo
1769 722 1889 804 altius
1911 748 1972 803 res

167 846 338 954 petenda
365 849 481 930 nobis
509 865 581 944 cst.
611 841 844 932 Col'lationis
867 857 1026 932 nostrae
1048 850 1351 932 fundamentum
1366 853 1418 952 'sc
1440 848 1564 930 veluti
1587 845 1973 948 basisgem‘ratica‘na

168 969 291 1052 editio
308 972 525 1073 'Clementis
546 970 657 1052 Vlll.
678 975 912 1054 auctoritate
933 975 1093 1083 vulgata
1114 977 1225 1054 anno
1246 973 1447 1054 ttuxctt.
1474 972 1606 1052 Huius
1629 988 1761 1050 autem
1788 967 1974 1052 aditioms'

168 1121 343 1192 errores,
363 1125 468 1202 quos
494 1114 638 1206 vocant
665 1099 996 1206 typographicos‚
1018 1099 1078 1178 vel
1106 1115 1256 1200 certos,
1278 1099 1339 1177 vel
1362 1095 1526 1192 dubios,
1546 1095 1697 1176 collatis
1718 1091 1814 1176 aliis'
1829 1096 1974 1176 vatiam

168 1221 232 1300 nis
249 1218 514 1315 editionibus,
537 1247 640 1329 quae
662 1220 903 1328 prodierunt
921 1247 1027 1326 anno
1046 1221 1266 1304 lllDXClll.
1288 1218 1629 1314 statunculi,
1648 1217 1870 1326 carumque
1887 1245 1974 1298 cor-

169 1343 347 1424 rectoriis
365 1343 427 1424 vel
447 1342 583 1439 editis,
600 1344 667 1424 'rel
685 1343 844 1425 ineditis
862 1342 938 1450 (de
957 1344 1108 1453 quibus
1126 1349 1199 1425 suo
1218 1345 1351 1448 loco),
1369 1342 1638 1424 emendamus.
1660 1341 1860 1443 Quoniam
1877 1355 1974 1422 veru

168 1467 300 1548 sixtini
329 1484 595 1563 correctores,
623 1469 797 1575 itemque
822 1466 955 1547 Sixtus
977 1467 1055 1563 V.,
1085 1467 1309 1548 studiorum
1337 1495 1501 1572 suorum
1528 1465 1653 1546 basim
1682 1465 1976 1546 constituerant

169 1591 449 1675 henienianam
469 1589 682 1701 editionem
700 1591 1021 1698 antuerpiensem
1042 1618 1110 1672 au.
1132 1591 1431 1673 Mnuxxxitt
1453 1592 1494 1670 in
1512 1589 1609 1687 fol„
1630 1587 1812 1698 quidque
1836 1589 1974 1670 discri-

170 1716 287 1796 minis
313 1716 418 1794 hanc
445 1716 548 1796 inter
578 1731 619 1794 et
649 1714 930 1796 clementinam
951 1715 1165 1798 intimetur
1190 1715 1446 1798 adnotamus:
1479 1716 1622 1796 harum'
1653 1713 1977 1796 aursm'vmieu-

169 1858 256 1920 tum
284 1855 465 1920 auctores
492 1837 554 1918 vel
580 1837 767 1934 sixtinos,
789 1838 850 1918 rel
871 1838 1047 1936 Sixtum,
1069 1840 1131 1920 rel
1150 1841 1424 1947 gregorianos,
1446 1838 1506 1919 vel
1526 1835 1700 1946 deniqne
1717 1839 1979 1920 clementinos

168 1964 288 2044 fuisse
316 1961 576 2044 ostendimus.
608 1963 838 2055 Praeterea,
853 1991 1008 2069 -quam-
1025 1965 1278 2071 gregorianis
1294 1981 1336 2044 et
1363 1963 1609 2044 clementinis
1637 1989 1714 2071 pro
1743 1964 1829 2044 basi
1857 1959 1978 2044 luerit

168 2085 270 2168 Sixti
291 2085 344 2163 V.
367 2083 509 2180 editio,
535 2085 770 2191 quaetypis
797 2085 989 2166 vaticanis
1012 2087 1163 2195 prodiit
1188 2115 1298 2168 anno
1324 2088 1510 2185 tinne,
1535 2088 1772 2196 quotiesab
1800 2089 1978 2168 hac'ole·

170 2211 344 2292 mentina
373 2206 496 2288 editio
523 2208 722 2303 dissentit,
744 2207 863 2290 huius
888 2211 1087 2291 varietatis
1111 2212 1312 2318 originem·
1330 2212 1391 2292 vel
1413 2213 1468 2290 in·
1481 2211 1724 2318 gregorianis
1751 2213 1811 2292 rel
1835 2213 1878 2292 in
1901 2212 1979 2292 cle·

170 2332 672 2416 mentiniscorrectoribus
688 2331 1032 2438 reperimus-Hoc
1050 2353 1167 2444 pacto
1183 2337 1434 2442 singolorum
1452 2337 1664 2416 sententias
1684 2337 1975 2443 expromimus,

170 2484 410 2566 omnemque
428 2456 601 2538 instituti
622 2456 815 2538 rationem
835 2455 948 2563 quod
966 2459 1121 2538 romani
1142 2487 1327 2540 oensores
1344 2458 1558 2540 consectati
1578 2475 1673 2538 sunt
1691 2459 1732 2538 in
1751 2458 1882 2540 medio
1906 2487 1979 2567 po-

170 2585 314 2664 nimus.
339 2582 477 2681 Quum
499 2607 594 2660 vero
618 2580 753 2662 critica
781 2581 904 2660 multa
929 2581 986 2660 illi
1007 2581 1267 2678 documenta,
1288 2581 1508 2691 eademque
1533 2583 1844 2692 praeclarissima
1865 2609 1980 2662 usar-

171 2708 380 2815 paverint,
410 2732 486 2785 nos
512 2702 684 2798 dudem,
713 2704 883 2811 aliisque
909 2706 1095 2812 pluribus
1121 2709 1292 2788 excussis
1319 2711 1523 2815 (quorum
1555 2708 1747 2790 elenchos
1771 2707 1812 2790 ln
1841 2708 1980 2788 nostro

171 2845 377 2939 apparatu
405 2826 683 2934 proferetur),
714 2855 797 2934 quo
824 2827 1087 2910 fundamento
1118 2830 1367 2937 singidonum
1395 2833 1587 2914 lectiones
1617 2829 1982 2912 intritac'turiacile

172 2953 496 3034 monstrabimus.
522 2953 576 3030 At
599 2950 766 3058 insuper
787 2977 837 3030 ex
858 2949 1029 3032 laudatis
1047 2949 1298 3033 documentis
1320 2954 1395 3036 alia
1420 2979 1461 3034 se
1479 2981 1524 3034 se
1546 2955 1669 3034 nobis
1685 2954 1833 3036 obtulit
1856 2956 1980 3035 varie-

172 3096 297 3160 tatum
326 3078 466 3170 series,
490 3103 626 3158 aarum
654 3101 817 3182 nempe,
846 3101 947 3182 quas
976 3075 1129 3156 romani
1156 3083 1341 3158 censores
1367 3077 1642 3184 neglexerunt.
1667 3078 1820 3157 Harum
1848 3094 1982 3158 autem

172 3203 368 3284 delectum
390 3200 624 3294 habuimus,
650 3215 773 3306 atque
791 3225 815 3278 e
832 3225 875 3278 re
893 3215 1029 3280 nostra
1051 3225 1135 3280 esse
1155 3200 1466 3282 existimavimus
1485 3199 1644 3282 easdem
1663 3202 1868 3310 prolerre,
1893 3204 1981 3284 bre·
2067 3211 2071 3224 '

173 3329 377 3433 vitorque,
398 3323 523 3404 sicubi
548 3322 886 3431 operaepretium
908 3340 1027 3421 esset,
1048 3322 1296 3432 expendere3
1324 3341 1370 3404 ut
1393 3325 1425 3404 si
1445 3351 1549 3433 quae
1567 3325 1798 3434 probabiles
1824 3343 1893 3408 aut
1920 3321 1983 3408 re'·

173 3468 260 3532 ctae
285 3448 549 3546 videbuntur,
575 3445 764 3529 studiosis
794 3444 906 3527 utilis
932 3445 1031 3544 alnt;
1056 3445 1117 3526 sin
1147 3446 1281 3528 minus
1304 3447 1630 3554 militantum-(1)

280 3571 500 3652 Bibliorum
522 3571 644 3676 igitur
663 3571 867 3652 vaticanae
889 3568 1087 3652 editiones
1107 3597 1246 3652 omnes
1267 3600 1290 3652 a
1312 3573 1495 3682 principe
1515 3572 1755 3652 benteniana
1776 3571 1881 3654 edita
1906 3575 1981 3654 Io-

181 3879 183 3882 -
208 3819 210 3822 ’
280 3844 319 3907 it)
336 3836 581 3912 Opportunissima
606 3837 662 3898 toa
683 3837 745 3898 ioco
767 3833 851 3898 ιοιιιι
875 3846 1053 3898 ιιιιιιιιιιιι.
1118 3853 1235 3914 squam
1251 3838 1305 3913 ipsi
1319 3838 1657 3900 dedicanmzsivtdero
1671 3843 1892 3914 teammipsaru
1903 3843 1983 3898 varic

174 3945 207 3985 ca
225 3943 298 4002 quae
316 3927 430 4001 scripsit
447 3928 538 3986 Lucas
552 3927 707 4000 limgansis
725 3925 755 3984 in
775 3925 872 3986 libello
890 3943 946 4002 quc
964 3927 1042 3986 exbi-
1117 3953 1130 3980 s
1151 3932 1182 3986 ia
1196 3930 1299 3988 melius
1312 3929 1421 3988 alicubi
1434 3946 1520 4004 posse
1535 3933 1661 4001 mutari,
1674 3930 1845 4004 significabo
1860 3931 1893 3990 ut
1906 3946 1983 3993 suno

169 4016 233 4076 buit
246 4017 402 4075 lectionum
418 4017 580 4074 varietates
596 4019 627 4073 in
639 4015 743 4074 Bibliis
759 4013 860 4074 latinia
873 4033 911 4073 ee
923 4019 1042 4075 vetustte

169 4109 378 4182 manuscriptis
403 4105 620 4180 exemplaribus
642 4103 925 4180 minianenses
945 4111 1041 4182 possit

165 4195 328 4272 perfectior
342 4197 430 4256 reddi
441 4193 573 4268 feliciter
587 4199 692 4272 coepta
707 4201 864 4268 comeriis,
877 4200 904 4256 si
919 4198 1043 4256 accedat

170 4289 278 4346 summi
296 4288 446 4360 pontificis
463 4287 643 4358 auctoritem
661 4301 727 4342 nam
743 4284 849 4360 inquit:
865 4308 878 4334 ι
889 4283 945 4343 Sed
963 4301 1045 4344 amu·

173 4399 186 4424 ι
207 4383 270 4432 sent
287 4389 332 4432 me
348 4373 419 4432 torte
438 4373 521 4432 multi
538 4373 702 4432 temeritatis
717 4381 746 4432 et
761 4375 952 4447 arrogantiae,
967 4373 1044 4448 quod

1115 4041 1128 4069 s
1148 4033 1196 4075 ruo
1212 4021 1347 4092 Pontifici
1361 4020 1390 4076 et
1405 4017 1617 4076 cardinalibus
1630 4017 1789 4092 deputatis.
1801 4019 1860 4077 Sed
1875 4022 1906 4078 tu
1921 4022 1983 4092 ipse

1115 4129 1129 4158 s
1143 4105 1236 4181 plane
1248 4109 1330 4166 eides
1346 4123 1404 4164 nou
1413 4105 1510 4177 facile
1523 4105 1689 4164 isunnam
1703 4109 1879 4164 mutationes
1893 4109 1923 4164 iu
1936 4123 1984 4166 sa·

1114 4218 1127 4246 ι
1147 4213 1198 4254 ero
1221 4199 1305 4254 teatu
1321 4212 1382 4259 esse
1393 4194 1571 4268 satiendam
1589 4198 1722 4269 mauvis
1740 4195 1926 4258 usitustmuu
1942 4201 1991 4256 sn·

1117 4307 1130 4334 ι
1150 4287 1184 4342 ut
1199 4287 1259 4342 viri
1274 4285 1355 4343 docti
1370 4288 1433 4342 tum
1448 4284 1485 4342 cle
1498 4288 1593 4343 variis
1608 4284 1791 4357 lectionibus,
1807 4291 1867 4342 tum
1886 4286 1923 4343 de
1938 4289 1983 4343 tu·

1116 4397 1130 4424 ι
1150 4374 1228 4431 dicia
1240 4375 1408 4446 peritorum
1426 4373 1576 4431 bantinum
1593 4377 1637 4431 tui
1651 4374 1789 4431 similium
1805 4377 1983 4433 admonean-

172 4487 188 4514 ι
207 4471 270 4536 poet
289 4463 447 4536 ριιιιιιιιι
463 4463 530 4524 illos
548 4464 622 4522 siros
640 4479 657 4522 a
674 4461 746 4522 Sede
762 4463 915 4537 apostolica
932 4462 1044 4538 delega-

172 4576 187 4602 ι
207 4559 269 4622 tos,
290 4554 382 4612 ausim
403 4560 512 4612 mutare
532 4550 643 4628 aliquid
662 4552 692 4610 in
713 4551 834 4624 Bibliis,
856 4560 885 4610 et
905 4553 1043 4612 iodicium

173 4663 188 4692 ι
208 4656 301 4699 meum
324 4641 437 4701 illorum
458 4641 565 4700 iudicio
588 4640 735 4714 praeferre.
760 4640 944 4714 Respondes,
966 4639 1042 4718 quod

172 4754 188 4781 ι
208 4745 270 4790 mea
290 4747 370 4790 mens
389 4727 446 4790 riou
467 4731 506 4790 sit
528 4739 638 4790 mutare
657 4729 783 4805 aliquid,
805 4739 857 4790 aut
879 4730 1039 4806 praeiens:

173 4843 188 4868 ·
206 4821 271 4890 aed,
290 4820 366 4895 qnod
384 4836 432 4880 eas
449 4820 538 4880 ιιιιιι
556 4820 706 4894 laedones,
724 4833 796 4894 quas
813 4821 847 4878 in
866 4819 962 4879 ιιιιιιιι
980 4819 1041 4878 rui·

173 4931 187 4958 ι
208 4916 289 4982 gntae
305 4906 436 4966 editionis
454 4907 599 4966 codicibm
616 4915 645 4966 et
664 4907 865 4966 tractatoribus
883 4909 995 4977 insani,
1014 4915 1043 4966 et

173 5020 188 5046 ι
207 4995 480 5054 verisimilitudinem
498 4995 600 5055 habere
618 4993 764 5066 ridsnurr,
783 4996 813 5052 in
833 4995 957 5055 medium
977 5012 1042 5071 pro·

173 5110 188 5136 s
208 5083 314 5154 ιπιιιι,
332 5084 437 5144 indicto
452 5085 526 5144 Scae
543 5084 706 5144 sanctitatis
723 5084 815 5158 lisqrm
832 5100 904 5160 quos
921 5084 971 5144 iila
990 5084 1042 5144 ita·

173 5199 188 5225 ι
207 5189 272 5232 rum
290 5173 466 5234 committere
483 5173 573 5248 possit
589 5173 701 5244 relicto,
716 5190 754 5233 aa
769 5173 827 5234 sint
846 5172 1043 5248 praeferendae

175 5287 189 5314 ι
209 5262 328 5337 aliisque
349 5262 548 5336 corrogandae.
568 5259 631 5320 riou
651 5262 736 5322 iacile
753 5262 867 5338 quidem
890 5266 1041 5335 ineuntur,

175 5377 189 5404 ι
210 5359 239 5413 et
257 5361 441 5412 manantur
460 5349 625 5412 huiuamodi
640 5354 785 5424 ιιιιιιιιι,
804 5353 880 5424 scios
895 5353 946 5412 sed
961 5353 987 5412 si
1003 5355 1047 5412 in·

176 5466 191 5493 »
210 5442 365 5500 sumantur
381 5440 552 5516 aliquando,
571 5442 672 5501 sarriet
690 5441 806 5500 libellus
824 5441 877 5501 iste
895 5451 992 5502 nomer
1007 5442 1045 5501 ad

178 5555 193 5580 ι
210 5529 396 5589 ιιιιιιιιιιιοι
411 5527 610 5606 deputatorum
625 5529 751 5600 laborem
764 5533 810 5588 sin
826 5531 939 5603 minus,
951 5529 988 5590 sd
1004 5531 1046 5590 lu·

179 5645 192 5670 ι
291 5620 446 5679 multorum
461 5636 558 5679 sacrm
570 5621 733 5695 Scripturas
751 5619 892 5679 locorum.
910 5622 945 5678 ln
958 5637 1044 5696 quam

178 5733 192 5760 ι
211 5711 382 5770 mundam
400 5710 550 5783 'respondit
572 5710 644 5770 milri
666 5709 713 5768 lli.
733 5709 816 5768 card.
838 5704 1045 5782 Bdiarmin'us,

1115 4483 1131 4512 ι
1153 4465 1213 4520 tur.
1232 4463 1291 4536 Qui
1307 4471 1337 4522 et
1351 4463 1417 4522 aliis
1431 4462 1533 4520 litteris
1548 4464 1661 4536 tapam
1675 4461 1750 4521 datis
1767 4462 1813 4521 die
1828 4469 1855 4520 c.
1869 4467 1984 4522 Decem

1117 4575 1131 4602 ι
1151 4550 1210 4610 bris
1230 4557 1309 4611 ¹608.
1329 4560 1478 4628 postquam
1501 4551 1652 4624 accepisset
1669 4551 1798 4610 libellum
1817 4552 1900 4610 illum
1918 4569 1983 4610 eor·

1116 4663 1130 4690 ι
1150 4643 1311 4698 rectionum
1333 4655 1544 4708 romanarum,
1567 4640 1680 4714 scripsit
1702 4639 1739 4698 ad
1761 4655 1806 4698 mc
1829 4639 1904 4714 quod
1928 4639 1984 4698 hnc

1115 4753 1128 4778 ι
1148 4721 1276 4803 apprime
1291 4727 1374 4788 iacit:
1389 4733 1434 4786 De
1448 4727 1546 4786 libello
1561 4729 1603 4786 acl
1618 4743 1664 4788 me
1679 4731 1768 4787 misso
1780 4731 1899 4803 gratias
1912 4745 1984 4804 apo.-

1114 4843 1130 4870 ι
1147 4819 1202 4878 sed
1214 4821 1291 4876 seius
1306 4818 1395 4877 velim
1407 4818 1504 4878 Bibtia
1521 4817 1644 4892 cubeta
1657 4835 1714 4876 non
1728 4836 1788 4878 esse
1803 4837 1823 4878 a
1841 4820 1924 4878 nobis
1937 4837 1985 4880 ae·

1115 4931 1128 4958 ι
1149 4911 1334 4967 curatissime
1350 4911 1518 4982 easiipata3
1528 4907 1623 4965 malla
1637 4912 1714 4965 enim
1729 4909 1766 4968 de
1781 4910 1931 4968 industria
1944 4912 1985 4966 tu·

1114 5020 1127 5046 ι
1147 4999 1201 5055 slis
1217 4998 1255 5056 rie
1268 5001 1378 5056 camus
1390 5000 1652 5070 pertransivimus,
1664 5013 1739 5070 quae
1752 5001 1929 5056 correctione
1942 5002 1985 5055 in·

1116 5111 1129 5139 ι
1149 5075 1250 5162 aum
1264 5088 1449 5146 mactantur.
1465 5089 1578 5148 Variae
1592 5085 1744 5158 lertimes,
1755 5103 1831 5160 miae
1841 5090 1874 5144 in
1884 5087 1986 5145 nitius

1116 5197 1130 5230 s
1150 5177 1366 5236 lovaniensibus
1382 5176 1545 5248 iubentur,
1564 5179 1593 5233 et
1612 5180 1643 5234 in
1663 5193 1736 5250 quas
1756 5182 1788 5234 tu
1804 5176 1912 5234 librum
1927 5179 1985 5234 uti·

1116 5292 1130 5318 s
1150 5267 1293 5325 lbsimum
1312 5265 1480 5341 scripsisti,
1501 5266 1576 5323 mibi
1595 5266 1773 5324 videbuntur
1793 5269 1910 5324 omnivm
1930 5265 1985 5324 ati·

1120 5382 1133 5410 ι
1153 5359 1284 5416 denatae:
1300 5361 1407 5432 quippe
1423 5373 1499 5431 quae
1516 5360 1614 5416 irsstar
1630 5357 1821 5415 bibliothecae
1835 5356 1910 5414 mibi
1926 5371 1986 5413 esse

1118 5469 1132 5497 ι
1152 5447 1299 5504 videntum
1318 5447 1377 5505 Sed
1392 5462 1452 5503 non
1466 5445 1586 5520 placuit
1601 5445 1688 5517 altis,
1707 5449 1741 5502 ut
1757 5448 1789 5502 in
1802 5448 1903 5518 prima
1923 5443 1985 5501 edi·

1119 5557 1133 5584 ι
1155 5537 1232 5592 tione
1245 5538 1471 5608 apponerentur.
1487 5535 1564 5592 ilaec
1578 5533 1641 5602 illes
1653 5529 1757 5606 quibus
1771 5531 1913 5606 significat
1925 5543 1987 5604 pos·

1120 5646 1134 5673 ι
1153 5637 1184 5680 ιι
1200 5623 1353 5696 aliquando
1369 5623 1447 5695 lieri,
1466 5631 1500 5680 ut
1516 5623 1673 5681 accuratior
1690 5623 1838 5696 mitigatio
1855 5619 1995 5680 uiuum

1098 5720 1214 5770 ·.tor
1229 5712 1339 5770 Similia
1357 5713 1472 5788 senpdt
1490 5712 1551 5771 isin
1566 5712 1692 5786 Baptista
1709 5710 1854 5769 mnium
1878 5705 1985 5783 praeie-

178 5822 193 5848 ι
210 5797 397 5857 litterisdatis
408 5800 514 5858 nome
520 5799 692 5874 ,dieprimo
702 5797 961 5858 ιιοιαιιιιιιιιιοο.
973 5807 1050 5873 post·
1120 5809 1218 5860 etna
1235 5802 1438 5877 typogrrplsiae
1456 5803 1598 5862 ιιιιιιιιιι
1619 5801 1748 5860 litteris
1740 5813 1819 5856 romu
1838 5797 1883 5854 ill.
1900 5796 1984 5856 card.

179 5910 195 5938 ι
211 5903 299 5964 cmm
314 5897 460 5964 accmemt
473 5889 601 5948 libellum
615 5897 747 5949 rourum
761 5887 798 5948 ad
811 5889 903 5947 sarim
914 5887 1050 5950 lectiones
1122 5889 1271 5949 »samnii
1289 5887 1327 5946 ad
1344 5891 1484 5950 itomtam
1502 5891 1610 5949 Romae
1627 5887 1704 5950 datis
1719 5885 1808 5961 pridie
1824 5883 1890 5994 ιιι.
1912 5891 1984 6020 Aug.

180 5977 1047 6055 ngrseaasatiatinasinqcatuorbrangeiiisosvsmntts,

1122 5986 1359 6040 encoma
