4748 6680
477 515 547 586 tat
1193 515 1369 589 GENllSlS
1396 517 1488 591 CAP.
1512 520 1548 592 L.

476 667 643 740 Gerardus
671 691 795 740 camec.
822 666 956 752 cxiii,
983 667 1114 754 titia,
1140 670 1330 768 hupertus,
1412 669 1512 746 codd.
1530 671 1626 746 hebr.
1647 687 1680 746 et
1703 673 1890 748 chaldaicis
1915 677 2007 776 apud
2034 678 2208 751 De-llossi
2234 680 2270 750 in

477 781 663 854 Balduinus
687 799 776 855 cant.
793 781 900 869 ccii,
919 783 1001 854 622.
1418 785 1512 858 Varr.
1529 788 1630 859 Laatt.
1647 789 1691 861 ad
1714 788 1750 863 h.
1767 787 1791 862 l.
1806 807 1843 864 et
1864 791 1898 864 in
1920 794 2106 892 Sapplam.,
2123 809 2157 867 et
2179 795 2272 892 apud

526 899 585 968 ii.
609 923 682 970 ossa
698 923 769 969 maa
784 898 1164 987 coccam-cedda,
1180 900 1218 987 C,
1234 900 1276 988 b,
1294 901 1331 985 1³,
1411 903 1532 978 Bruns.
1552 905 1586 976 in
1609 905 1728 1003 llepart
1751 909 1810 981 Or.
1830 924 1854 980 t.
1872 903 1944 983 XV.
1960 937 1998 1008 p.
2020 920 2104 984 tas.

476 1013 520 1098 G,
538 1013 585 1099 ll,
603 1015 646 1098 ll,
664 1015 699 1100 S,
718 1015 756 1099 T,
774 1015 813 1100 U,
830 1014 867 1100 V,
886 1015 981 1088 lires.
999 1014 1098 1088 Goth.
1117 1015 1141 1088 i.
1159 1043 1206 1102 c.,
1226 1016 1336 1089 llaba·
1462 1023 1521 1092 25.
1542 1035 1689 1094 mortuus
1709 1023 1912 1097 est-Codd.
1925 1025 1963 1109 B,
1980 1026 2004 1096 V
2025 1042 2058 1099 et
2077 1025 2272 1100 Bucherius

476 1155 558 1215 nus,
579 1128 802 1225 angelomus,
824 1130 1008 1230 liupertus,
1030 1131 1216 1206 balduinus
1242 1148 1331 1206 cant.
1410 1151 1618 1236 mortuusque
1639 1151 1701 1221 est,
1721 1139 1769 1211 uti
1793 1139 1907 1226 hoba,
1924 1165 2066 1238 graecus
2086 1157 2122 1214 et
2146 1141 2270 1240 reliqui

476 1245 498 1316 l.
523 1270 553 1317 c.
579 1244 745 1316 vobiscum
769 1271 843 1317 assa
869 1273 961 1331 maa;
982 1247 1070 1319 Bibl.
1094 1248 1171 1320 alut.
1198 1251 1331 1334 tata,
1412 1251 1623 1349 interpretes.
1641 1253 1714 1326 llox
1731 1269 1809 1352 post
1826 1270 1969 1339 matum,
1986 1255 2195 1341 Eucherius,
2212 1257 2272 1330 ite

477 1363 595 1433 Franc.
613 1362 656 1434 ad
680 1361 723 1433 ll.
744 1364 870 1448 tato,
892 1364 998 1460 Lugd.
1018 1367 1125 1436 tota.
1144 1380 1254 1438 tacent
1278 1391 1336 1438 oo-
1412 1365 1536 1461 migius
1556 1367 1677 1440 antiss.
1696 1368 1826 1441 addunt
1841 1384 1884 1442 at.
1907 1372 1970 1443 Pro
1990 1373 2149 1468 repositas
2166 1386 2215 1442 ast
2234 1374 2269 1442 ia

479 1477 619 1560 bissum,
638 1477 717 1550 item
741 1477 923 1565 hebraeus;
942 1478 1002 1552 sed
1024 1479 1147 1576 legitur
1166 1481 1200 1552 in
1222 1507 1335 1554 sama·
1414 1483 1532 1566 loculm
1547 1482 1636 1556 idem
1658 1485 1847 1559 Eucherius
1864 1485 1945 1583 legit
1960 1487 2104 1584 sepultus
2127 1502 2195 1571 ast,·
2210 1513 2270 1586 pro

478 1593 607 1678 ritano,
635 1619 774 1690 graeco,
805 1621 902 1694 syro,
935 1595 1054 1683 arabe,
1082 1611 1116 1669 et
1149 1596 1184 1667 in
1218 1596 1334 1669 multis
1413 1598 1531 1683 loculo,
1549 1600 1624 1673 cod.
1642 1599 1681 1687 G,
1699 1599 1896 1689 Guibertus,
1914 1601 2031 1676 Petrus
2052 1602 2147 1677 Com.
2167 1601 2249 1674 loca

1195 2097 1538 2192 MONITUM

866 2359 912 2430 De
938 2358 1038 2430 italae
1063 2360 1275 2456 fragmentis,
1299 2385 1381 2457 quoa
1406 2362 1643 2446 subiiciuntur,
1665 2389 1708 2436 aa·
1734 2363 1804 2434 aad.
1827 2363 1870 2434 Ε.

528 2606 590 2672 Etsi
613 2611 651 2672 ad
671 2620 811 2672 nostrum
828 2608 1003 2673 institutum
1024 2610 1128 2672 minus
1149 2609 1305 2692 pertinere
1326 2610 1488 2677 videantur
1510 2627 1593 2694 quae
1613 2613 1651 2676 ad
1668 2623 1863 2693 perveterum
1884 2611 2012 2677 latinam
2031 2608 2205 2680 bibliorum
2227 2615 2270 2680 in

473 2717 721 2800 terpretationem
741 2726 893 2797 spectant,
912 2727 1016 2780 tamen
1037 2734 1099 2780 non
1119 2734 1182 2780 una
1202 2718 1241 2780 de
1261 2735 1370 2782 caussa
1390 2719 1422 2779 in
1442 2718 1545 2781 lucem
1568 2717 1636 2782 heic
1658 2719 1839 2801 proferenda
1863 2720 2006 2784 ducinrus
2029 2721 2180 2786 nonnulla
2199 2722 2270 2787 libri

473 2825 627 2892 Geneseos
646 2827 818 2904 fragmenta
838 2824 965 2901 inedita,
980 2841 1061 2905 quae
1081 2842 1118 2886 ex
1138 2825 1210 2888 itala
1231 2825 1338 2905 petita,
1354 2836 1447 2906 atque
1467 2826 1523 2906 ipsi
1542 2824 1796 2905 hieronymianae
1817 2828 1951 2890 versioni
1970 2827 2084 2890 inserta
2105 2828 2233 2895 luerunt
2252 2849 2269 2893 a

471 2929 634 2997 Dominico
654 2933 790 3018 quodam
810 2933 1007 3014 presbytero,
1029 2933 1082 3013 qui
1107 2930 1212 2995 seculo
1229 2925 1293 2996 Vll.
1314 2943 1367 2998 aut
1386 2927 1461 2996 Vill.
1480 2933 1619 2996 codicem
1640 2924 1663 2994 E
1683 2933 1852 3015 descripsit.
1874 2929 1908 2996 ln
1931 2935 2041 3015 primis
2063 2935 2148 2998 enim
2169 2952 2270 3018 quum

471 3039 652 3103 nobilissimi
676 3040 767 3104 buius
791 3037 905 3102 codicis
925 3038 1028 3101 varias
1051 3037 1199 3101 lectiones
1223 3038 1393 3118 vulgandas
1416 3039 1657 3120 susceperimus,
1671 3039 1841 3119 particulae
1861 3039 1945 3118 illae,
1964 3059 2041 3122 quas
2064 3039 2212 3106 librarius
2232 3057 2270 3105 ex

474 3148 533 3215 alia
553 3148 645 3227 plane
665 3147 916 3230 interpretatione
930 3145 1097 3210 identidem
1111 3146 1295 3226 interposuit
1309 3147 1551 3227 immiscuitque,
1566 3147 1649 3211 haud
1663 3157 1751 3210 erant
1768 3149 2024 3229 praetereundae,
2039 3160 2160 3211 tumne
2175 3149 2270 3230 ipsius

472 3255 587 3318 codicis
607 3253 741 3330 collatio,
757 3270 852 3334 quam
866 3253 940 3314 dare
953 3253 1185 3330 constituimus,
1200 3269 1314 3318 manca
1335 3255 1503 3331 videretur,
1518 3263 1585 3317 tum
1599 3269 1639 3318 ne
1652 3256 1678 3316 si
1691 3255 1842 3338 quasdam
1862 3256 2008 3319 lectiones
2028 3273 2065 3319 ex
2085 3257 2146 3320 hoc
2168 3257 2270 3320 aliare

474 3355 597 3439 Vulgari
617 3360 722 3425 codiee
743 3363 887 3424 excitatas
908 3359 946 3422 ad
967 3359 1074 3422 italam
1099 3361 1201 3441 potius
1221 3377 1317 3442 quam
1340 3363 1378 3425 ad
1398 3360 1663 3441 hieronymianam
1687 3361 1920 3424 translationem
1941 3362 2114 3426 referendas
2137 3362 2269 3427 subinde

474 3467 675 3546 asseruimus,
696 3468 726 3530 id
747 3468 883 3548 cuipiam
904 3467 1142 3531 admirationem
1163 3468 1283 3530 adierre
1303 3477 1414 3546 posset.
1435 3464 1526 3547 Quod
1548 3468 1631 3530 enirn
1651 3467 1806 3547 sapienter
1827 3467 1901 3530 olim
1923 3485 1941 3530 a
1961 3463 2143 3534 Bianchinio
2163 3469 2269 3550 prola·

472 3585 539 3638 tum
559 3576 672 3652 iuerat,
687 3575 750 3637 iam
771 3575 858 3636 novis
879 3573 1094 3638 accedentibus
1114 3571 1364 3638 luculentissimis
1384 3575 1523 3651 testibus,
1537 3575 1649 3657 potiori
1668 3575 1736 3637 iure
1756 3576 1986 3655 praedicamus:
2003 3573 2112 3638 «buit
2131 3577 2270 3658 protecto

477 3707 491 3736 ι
513 3683 572 3746 erit
592 3683 675 3763 quod
695 3681 822 3765 quddam
844 3684 1036 3746 admirentur
1055 3683 1200 3764 posthac,
1223 3683 1250 3745 si
1268 3697 1360 3762 saepe
1380 3680 1535 3747 codicibus
1555 3682 1729 3745 remotioris
1750 3682 1857 3746 aetatis
1879 3697 1997 3762 pannos
2016 3681 2179 3764 utriusque
2200 3696 2270 3746 rer·

479 3813 491 3842 ι
514 3787 609 3851 sionis
623 3798 739 3851 assutos
753 3789 887 3852 videant.
901 3813 915 3842 ι
931 3787 950 3869 (
959 3787 1080 3852 Vindia.
1098 3806 1211 3853 canosa
1226 3788 1352 3866 script,
1364 3791 1471 3869 praes.
1483 3805 1517 3867 p.
1531 3787 1686 3870 XXXVI.)
1705 3785 1835 3856 Pramus
1849 3799 1955 3853 autem
1974 3789 2127 3853 huaruur
2139 3805 2199 3854 nas
2210 3791 2270 3854 hac

474 3896 546 3959 data
566 3897 727 3960 occasione
748 3895 787 3958 ad
808 3896 965 3974 augendas
986 3895 1251 3976 cummandasque
1272 3894 1391 3960 italicae
1411 3898 1523 3960 ueteris
1545 3896 1691 3978 reliquias
1711 3897 1846 3981 aliquam
1866 3897 1938 3960 licat
1959 3897 2121 3960 minirum
2144 3896 2268 3978 symbe

475 4003 538 4067 lam
558 4002 698 4067 conferre
714 4019 812 4084 posse.
834 3997 921 4065 llaud
942 4003 1026 4066 enim
1046 4000 1248 4067 dubitandum
1271 4012 1316 4064 est
1330 4004 1404 4086 quin
1424 4004 1450 4066 si
1470 4002 1526 4066 has
1546 4002 1671 4066 lacinias
1690 4018 1765 4084 prae
1783 4002 1927 4066 manibus
1947 4001 2020 4066 olim
2039 4001 2198 4066 habuisset
2217 4001 2269 4068 Sa·

477 4111 638 4190 banerias,
661 4112 709 4174 vei
729 4113 829 4196 quivis
850 4111 927 4176 alius
948 4128 984 4176 ex
1006 4111 1064 4174 illis
1084 4111 1265 4175 doctissimis
1286 4111 1360 4174 viris
1380 4112 1433 4192 qui
1456 4111 1600 4173 eamdem
1619 4120 1756 4192 spartam
1780 4110 1992 4178 adornandam
2018 4111 2154 4190 aggressi
2178 4121 2268 4187 sunt,

477 4219 542 4282 illas
561 4219 726 4300 percupide
747 4218 905 4299 amplexus
925 4219 1045 4293 luisset,
1060 4217 1247 4299 easdemque
1260 4218 1292 4280 in
1306 4216 1460 4298 publicam
1481 4216 1583 4280 lucem
1603 4217 1815 4298 protraxisset,
1830 4227 1934 4300 utpote
1955 4233 2036 4299 quae
2051 4217 2089 4280 ad
2102 4216 2268 4298 explendas

478 4325 639 4390 nonnullas
660 4324 786 4388 lacunas
807 4326 1082 4407 opportunissimae
1106 4325 1239 4388 venant.
1261 4321 1413 4406 Equidem
1436 4341 1499 4386 non
1523 4323 1703 4402 ignoramus
1727 4322 1758 4384 in
1782 4333 1867 4386 tanta
1892 4323 2135 4402 fragrntmtorum
2160 4321 2270 4387 lectio-

474 4449 613 4518 numque
632 4433 778 4496 varietate
798 4431 974 4497 difficillime
989 4431 1116 4497 iudicari
1130 4448 1217 4514 posse
1231 4432 1357 4516 quinam
1368 4446 1534 4509 germanus
1553 4429 1643 4495 italae
1659 4439 1759 4492 textus
1774 4429 1874 4492 luerit.
1896 4425 2002 4510 Quum
2019 4430 2102 4491 enim
2116 4431 2268 4510 superiori

476 4549 575 4604 aetate
595 4541 627 4602 in
648 4556 736 4601 more
756 4540 820 4602 iere
840 4540 973 4621 positum
993 4539 1098 4616 luerit,
1116 4550 1150 4602 ut
1170 4537 1317 4622 quidquid
1332 4555 1349 4598 a
1364 4533 1496 4615 Vulgato
1516 4535 1660 4600 recedere
1680 4533 1981 4616 deprehendebatur,
1995 4535 2026 4598 id
2047 4533 2137 4598 italae
2159 4537 2270 4600 veteris

477 4647 601 4710 nomine
621 4646 802 4723 donaretur,
817 4645 899 4709 haud
921 4647 1036 4707 mirum
1053 4645 1149 4708 videri
1170 4655 1269 4725 potest
1286 4645 1312 4707 si
1332 4644 1557 4726 propemodum
1578 4643 1714 4705 inlicitae
1734 4643 1900 4706 lectionum
1916 4644 2094 4719 varietates,
2108 4644 2208 4705 immo
2227 4645 2268 4706 in

476 4751 635 4815 credibiles
655 4761 887 4834 pugnantesque
908 4751 1052 4816 lectiones
1072 4751 1194 4832 saepius
1214 4751 1316 4813 eidem
1331 4751 1463 4813 versioni
1485 4749 1655 4830 adscriptae
1667 4747 1801 4812 luerunt.
1822 4744 1939 4814 Verum
1959 4749 2034 4814 scite
2046 4750 2086 4812 de
2101 4748 2160 4813 hac
2174 4765 2269 4832 quae·

476 4859 573 4922 stione
587 4857 625 4920 cl.
641 4853 732 4921 card.
747 4855 844 4921 Maius
860 4859 892 4921 in
906 4868 980 4922 torn.
997 4855 1047 4920 ix.
1063 4854 1230 4938 Spiritepii
1248 4857 1396 4920 romani:
1409 4883 1422 4914 ι
1433 4853 1629 4938 ceteroqnm,
1645 4857 1758 4937 inquit,
1773 4873 1810 4920 ea
1823 4858 1937 4921 rectior
1950 4858 2104 4939 tutiorque
2118 4857 2268 4919 sententia

481 4989 494 5018 ι
517 4975 576 5041 est,
591 4981 672 5048 quae
692 4976 795 5029 censet
812 4981 921 5047 reapse
941 4981 979 5028 ex
998 4965 1107 5030 italicis
1127 4965 1309 5044 praesertim
1329 4964 1500 5041 codicibus,
1514 4976 1548 5028 nt
1561 4965 1677 5046 quique
1697 4965 1884 5046 antiquiores
1903 4973 1986 5041 sunt,
2002 4963 2106 5027 italam
2126 4963 2213 5026 illam
2228 4963 2268 5026 ab

481 5097 494 5126 ι
517 5069 686 5150 Augustino
706 5071 907 5148 celebratam,
922 5089 1018 5154 quam
1039 5071 1132 5135 aliam
1151 5069 1321 5153 quamlibet
1337 5071 1486 5135 contineri
1506 5069 1751 5146 translationem,
1766 5069 1871 5134 multis
1885 5081 1991 5134 tamen
2004 5069 2219 5146 varietatibus,
2235 5082 2268 5132 ιιι

480 5203 493 5234 ι
517 5177 586 5242 iieri
608 5177 684 5241 solet
707 5177 888 5243 refertam.»
905 5175 949 5240 lie
968 5177 1094 5260 quidem
1119 5193 1194 5241 vera
1213 5178 1356 5259 quamvis
1376 5177 1465 5258 plura
1486 5178 1516 5240 in
1541 5178 1652 5242 nostris
1676 5176 1760 5242 hisce
1781 5177 1960 5256 fragmentis
1984 5186 2165 5253 uacunant,
2186 5194 2268 5258 quae

475 5286 624 5350 hacwnm
642 5285 769 5348 omnino
788 5283 1055 5360 desiderabantur,
1076 5295 1182 5350 tamen
1201 5284 1285 5348 haud
1304 5285 1416 5348 desunt
1436 5285 1511 5362 alia,
1527 5301 1607 5367 quae
1627 5301 1700 5348 cum
1721 5285 1896 5348 senissimis
1916 5284 2007 5368 isaiae
2026 5283 2168 5368 testibus,
2189 5301 2267 5366 quos

473 5393 638 5470 habemus,
653 5388 811 5456 Ambrosio
832 5393 864 5454 in
884 5392 993 5473 primis
1012 5403 1043 5456 et
1057 5389 1243 5472 Augustino,
1258 5392 1300 5456 ita
1321 5392 1413 5472 plane
1433 5392 1629 5456 consentiunt
1648 5401 1739 5474 atque
1756 5389 1946 5482 conspirant,
1960 5401 1995 5453 ut
2014 5405 2107 5453 nemo
2127 5390 2195 5454 iure
2215 5389 2270 5452 du·

474 5501 572 5564 bitare
591 5499 687 5580 possit
706 5499 781 5579 quin
803 5497 841 5563 ab
861 5499 970 5562 eodem
992 5497 1074 5562 fonte
1095 5499 1297 5564 manaverint.
1321 5495 1416 5578 igitur
1436 5499 1462 5561 si
1482 5496 1646 5562 codicibus
1666 5494 1892 5572 emendandis,
1904 5497 1950 5560 uti
1968 5497 2059 5560 docet
2078 5491 2267 5574 Augustinus

473 5606 489 5688 (
497 5603 537 5670 de
558 5605 660 5670 doctr.
681 5605 747 5668 chr.
769 5604 822 5666 tto.
840 5605 870 5668 i.
892 5621 962 5684 cap.
980 5603 1068 5686 ta),
1087 5604 1239 5683 primitus
1260 5603 1349 5667 debet
1371 5605 1543 5686 invigilare
1564 5606 1695 5668 caterua
1716 5621 1828 5668 eoram
1848 5604 1903 5686 qui
1925 5597 2111 5681 Scripturas
2132 5599 2267 5664 divinas

473 5729 564 5776 cossa
589 5711 794 5788 desiderant,
813 5719 847 5774 ut
868 5709 1042 5775 comatis
1068 5729 1133 5773 nott
1153 5711 1314 5775 mneudatt'
1335 5709 1467 5784 cedant,
1488 5731 1528 5772 ss
1550 5731 1609 5776 aaa
1631 5730 1802 5774 narraras
1821 5727 2126 5773 tursarnsrmoms
2147 5726 2267 5769 erasas

477 5839 664 5895 ιιιιιιιιιιιιες
682 5823 707 5884 si
727 5819 898 5882 bacaudas
920 5819 1119 5883 obscuriores
1139 5819 1321 5894 sestertias,
1336 5819 1485 5897 plurium
1501 5816 1648 5882 codicum
1668 5834 1763 5896 saepe
1781 5817 1998 5894 manifestavit
2015 5815 2182 5896 impactis·
2199 5829 2268 5894 pra·

476 5925 552 5990 lecto
572 5935 748 5991 nostrorum
768 5926 1013 6006 iragmentorum
1034 5927 1196 5990 varietates
1212 5927 1288 6005 ptus
1310 5923 1510 5990 adiuvabant
1531 5921 1788 6004 inteilipeatiam
1801 5925 1830 5987 si
1847 5920 1942 5988 mado
1963 5923 2097 6006 tepentes
2117 5937 2182 5984 aaa
2203 5919 2267 5982 siat
