4684 6676
461 468 529 541 lbb

460 615 568 700 sium;
591 614 626 688 io
647 613 722 687 cod.
739 636 860 711 graeco
880 613 1036 687 vaticano
1058 595 1127 681 uui
1150 610 1315 710 superad-

460 730 570 816 ditur,
597 729 660 804 etsi
686 728 722 800 id
748 727 858 802 Maius
891 727 925 800 iu
954 753 1016 802 sua
1044 726 1126 801 edit.
1154 725 1316 802 adnotare

460 843 733 943 praetermiserit.

509 962 542 1032 l.
565 984 668 1032 coum
686 957 844 1030 decimum
856 997 898 1014 -·
910 956 993 1030 (iod.
1010 957 1035 1027 Β
1055 983 1155 1029 mom
1177 970 1207 1029 et
1228 955 1316 1029 deci·

459 1101 564 1158 mam,
580 1091 681 1174 atque
700 1072 851 1148 secunda
870 1097 992 1146 manus
1013 1071 1137 1146 adiecit
1153 1071 1312 1157 decimoe‚·

461 1213 603 1287 graecus
627 1173 799 1258 Aa'turcv
821 1169 1003 1269 δέκατον,
1026 1184 1071 1259 da
1090 1211 1161 1285 qua
1179 1184 1316 1258 locutio-

460 1329 503 1377 ne
522 1302 611 1377 conl.
628 1302 671 1376 ad
692 1327 784 1376 vers.
799 1303 859 1373 10.

510 1421 546 1489 li.
567 1419 604 1488 ic
623 1414 1021 1515 ecpictiooem—Codd.
1040 1413 1084 1502 G,
1104 1414 1147 1500 ll,
1169 1415 1208 1502 S,
1224 1399 1311 1487 Bibl.

461 1531 542 1604 Van.
562 1531 687 1616 ll'lb,
703 1531 801 1626 Peg,
816 1527 891 1616 all,
907 1528 1084 1616 habacus,
1099 1530 1217 1602 Petrus
1234 1553 1311 1602 ven.

461 1646 658 1734 CLXXXIX,
676 1646 760 1717 b'll.
775 1646 813 1716 itt
830 1646 1028 1742 coplatione.

512 1764 546 1833 b.
567 1760 686 1833 solitis.
704 1759 1000 1833 eisdem-Sixtini
1017 1784 1094 1831 cum
1111 1757 1198 1830 Bibl.
1214 1760 1313 1856 lteg,

460 1873 519 1948 all.
544 1874 668 1959 solito,
692 1873 832 1958 cisdcm3
856 1857 956 1946 codd.
981 1873 1026 1958 Id,
1051 1873 1075 1942 F
1097 1874 1133 1944 1.
1159 1898 1204 1944 m.
1230 1874 1311 1946 scis.

461 1989 580 2062 eisdem
588 2017 600 2074 ;
619 1987 695 2062 cod.
717 1988 745 2062 ll
770 1987 873 2061 babet
896 2001 1076 2087 utrumque
1101 1989 1170 2060 suis
1194 1988 1312 2060 solitis.

463 2105 595 2178 cirdm

511 2222 546 2293 1.
566 2221 700 2292 Decimo
717 2246 841 2318 quoquc
861 2218 1101 2292 dics--Ccddv
1114 2219 1156 2305 N,
1172 2219 1196 2289 P
1220 2214 1315 2292 Deci·

462 2360 517 2407 mc
534 2360 661 2433 quoque
681 2333 733 2406 die
740 2361 751 2420 ,·
768 2334 843 2407 cod.
860 2335 886 2404 N
909 2333 1063 2410 adnotat:
1082 2334 1163 2406 ulta
1184 2331 1315 2431 antiqui

466 2447 617 2545 »legunt
644 2447 736 2520 iuxta
761 2446 956 2521 hebraeumss
976 2445 1032 2520 Vel
1061 2447 1104 2520 de
1131 2446 1196 2519 hoc
1223 2445 1317 2545 quod

464 2593 482 2633 a
499 2563 623 2637 dicitur
640 2561 708 2646 dic,
726 2561 795 2635 dies
810 2579 979 2650 sumetur,
993 2560 1047 2634 vel
1064 2587 1145 2659 quac
1163 2561 1252 2634 sicut
1268 2559 1317 2630 in·

465 2676 550 2750 alra
578 2681 633 2773 (v.
654 2679 739 2771 12.)
764 2676 911 2776 ponitur.
936 2676 1082 2775 Require
1108 2673 1215 2749 Exod.
1236 2675 1312 2746 ΧΠ.

464 2821 481 2862 a
503 2796 557 2887 (v.
574 2794 674 2886 lb).
689 2790 755 2862 Alii
777 2816 838 2890 pro
858 2791 910 2862 dic
929 2807 1059 2890 ponunt
1077 2789 1191 2862 diest»

510 2909 545 2978 8.
564 2908 798 2980 suavissimum
810 2947 857 2962 —-
870 2904 977 2978 Codd.
994 2907 1031 2993 F,
1049 2907 1077 2978 U
1099 2905 1229 2980 addant
1248 2906 1315 2978 Βο-

458 3021 562 3106 mino,
579 3034 616 3092 ut
633 3043 791 3116 graecum
808 3018 869 3092 sed
885 3019 930 3092 cl.
945 3019 1096 3094 Holmes.
1112 3020 1188 3095 ldor
1204 3032 1316 3094 tacent

460 3133 686 3208 immaculatos
706 3132 865 3206 Rabanus
889 3149 922 3207 et
943 3133 1017 3206 cod.
1035 3135 1119 3206 tta.
1135 3132 1277 3208 Kennic.

509 3252 545 3321 9.
562 3274 623 3348 per
637 3249 785 3347 cingulos
803 3246 1088 3322 vitulos-Godd.
1099 3248 1140 3336 A,
1156 3249 1199 3336 lt,
1216 3249 1252 3335 F,
1268 3246 1311 3334 Κ,

461 3364 500 3451 Τ,
516 3363 558 3450 U,
574 3363 611 3450 V,
628 3362 786 3437 Rabanus
801 3389 864 3462 per
875 3363 996 3436 vitulos
1013 3364 1171 3462 sicqulos.
1188 3361 1315 3436 CodK

462 3477 558 3553 addit
578 3491 628 3563 et,·
648 3477 728 3552 item
750 3477 994 3564 samaritanus,
1014 3501 1172 3574 graecus,
1194 3501 1313 3576 syrus,

458 3592 559 3666 arabs
587 3606 621 3665 et
648 3617 716 3666 non
746 3591 846 3690 pauci
880 3591 1014 3666 codices
1047 3590 1195 3665 hebraici
1223 3587 1312 3688 apud

457 3705 633 3780 De-llossi.

510 3822 570 3892 lb.
592 3819 751 3893 decimum
770 3819 1090 3918 decimae—bargo
1110 3818 1230 3894 Ordin.
1245 3820 1315 3892 sin·

459 3935 558 4034 qules
579 3934 741 4020 decimus,
761 3934 850 4009 hanc
870 3935 948 4010 lect.
963 3961 1004 4008 ex
1025 3934 1171 4010 hebraeo
1190 3934 1315 4036 prolert

462 4048 568 4124 codex
591 4048 641 4136 113
665 4065 700 4124 at
726 4049 894 4125 hebraeus
922 4050 1003 4148 legit
1024 4052 1143 4156 quattu
1168 4055 1310 4156 niun,

462 4162 556 4238 unde
574 4163 802 4261 Augustinus:
818 4164 943 4252 «Quod
964 4179 1075 4240 autem
1094 4163 1143 4239 ait
1158 4165 1315 4239 dccioum

461 4275 654 4351 »decimum
677 4279 884 4376 significavit
906 4279 998 4379 quod
1022 4279 1222 4379 repetendae
1246 4279 1320 4354 sint¹

462 4392 648 4466 adocimaa
665 4419 726 4492 per
745 4393 897 4492 singulos
916 4419 1068 4492 agnos.»
1085 4396 1149 4468 Pro
1167 4395 1249 4492 oqui
1264 4419 1319 4466 ae·

458 4521 563 4608 ptem,
581 4507 682 4582 codd.
697 4510 736 4598 Β,
753 4509 854 4598 ab,
870 4510 915 4598 (t,
930 4510 977 4598 Η,
992 4509 1096 4598 Κ,Β,
1111 4510 1147 4598 S,
1162 4510 1202 4598 T,
1215 4510 1258 4597 U,
1272 4507 1313 4596 V,

458 4621 544 4696 bibl.
556 4622 808 4724 Compl.,llcg.,
822 4623 896 4712 all,
909 4622 1068 4698 llabanus
1083 4637 1203 4722 raptem
1217 4623 1308 4722 aqui.
1326 4682 1328 4692 ,

507 4739 566 4810 11.
589 4764 650 4836 pro
681 4738 797 4813 delicto
825 4739 928 4812 select
956 4741 993 4812 io
1023 4739 1241 4837 capiatiocem
1263 4781 1312 4795 —

461 4847 544 4925 cod.
565 4853 590 4924 Β
614 4852 717 4926 solent
736 4879 798 4951 pro
823 4854 1029 4952 coplatione&
1051 4879 1152 4954 syrus
1177 4877 1313 4952 quoque

461 4981 547 5042 tacet
568 4994 631 5066 pro
656 4967 785 5040 delicto.
811 4970 874 5043 Pro
903 4969 1123 5042 holocaustum
1145 4971 1313 5065 compilor·

456 5107 552 5186 oum,
572 5079 659 5155 Bibl.
675 5079 779 5168 ora,
800 5081 884 5158 llob.
901 5083 1018 5182 Stepb.
1035 5085 1143 5156 atat.
1160 5082 1312 5158 holocau-

456 5207 505 5268 sto
525 5197 736 5294 canopitarum
752 5196 842 5270 conl.
860 5222 1007 5296 sequens
1029 5213 1119 5272 nota.

504 5309 592 5385 Ibid.
614 5337 687 5384 eam
707 5313 929 5411 sacrificio—
942 5312 1038 5388 Hanc
1060 5313 1234 5391 lectionem
1257 5315 1311 5387 in-

461 5426 551 5501 uexit
569 5427 699 5515 Sirtus,
719 5425 941 5526 eamdemque
960 5427 1218 5528 comprobarunt
1235 5452 1311 5526 gro-

459 5540 603 5636 goriani.
620 5540 706 5615 Hinc
724 5539 859 5616 Toletus
875 5541 1009 5617 scribit:
1022 5541 1197 5642 «Compi,
1208 5541 1307 5638 hog„

463 5681 579 5730 amss.
594 5655 712 5754 legunt
735 5660 770 5731 io
790 5659 970 5759 sacrificia·
989 5656 1111 5732 Ordin.
1128 5673 1162 5732 ct
1181 5659 1308 5734 bovan.

463 5785 526 5842 net
546 5771 723 5870 lucrificio:
738 5789 909 5870 practerea
930 5772 1014 5852 Ord.
1030 5772 1110 5872 legit
1127 5773 1312 5862 boloeatcto

1142 459 1305 534 Nllhssllll
1329 458 1424 534 GdP.
1444 457 1563 532 XXIX.

1393 613 1632 711 naempilemo,
1650 608 1753 684 ceteri
1773 607 1872 684 codd.
1890 608 2114 682 mamaeam
2134 609 2258 707 ampi-

1393 741 1571 800 sumum,
1587 725 1626 797 ln
1654 725 1749 799 hebr.
1769 741 1802 798 et
1821 749 1940 823 graeco
1961 723 2058 798 alitor
2082 721 2256 810 babetur,

1393 840 1553 942 »quibus
1580 841 1689 938 magis
1717 839 1863 940 quadrat
1888 866 1962 912 eum
1987 839 2166 938 sacrificio
2191 837 2257 910 Ili·

1392 957 1572 1030 »cendam
1593 957 1682 1031 enim
1703 972 1775 1030 erat
1794 971 1826 1028 ct
1843 956 2007 1054 sacrificio
2025 971 2057 1026 et
2085 955 2256 1027 libamine

1393 1097 1554 1154 aeorum,
1567 1070 1620 1144 val
1641 1086 1752 1144 otest
1771 1071 1806 1140 in
1827 1084 1918 1142 textu
1940 1073 2084 1168 (nempe
2103 1067 2143 1138 in
2162 1065 2252 1140 edla

1392 1186 1508 1259 »sini
1528 1186 1605 1280 lb).
1630 1182 1811 1258 Abuleusis
1836 1183 1919 1281 legit
1943 1185 1998 1268 io,
2021 1183 2107 1256 dicit
2136 1197 2254 1255 umen

1392 1330 1410 1371 a
1427 1301 1573 1399 positum
1591 1324 1668 1373 esse
1685 1323 1747 1395 pro
1763 1324 1852 1382 cum,
1868 1323 2011 1396 eamque
2027 1295 2256 1395 significatio·

1393 1441 1503 1488 anem
1524 1413 1709 1512 aliquando
1729 1411 1854 1486 babere
1873 1412 1909 1484 in
1934 1437 2031 1486 sacra
2051 1411 2253 1509 Scriptum

1392 1527 1477 1601 nuti
1497 1554 1573 1601 cum
1594 1526 1717 1599 dicitur
1736 1528 1774 1598 its
1794 1526 1909 1598 torulo
1924 1551 1995 1598 atace
2012 1527 2162 1598 numici
2177 1525 2255 1596 Ior-

1392 1642 1561 1726 nduam,
1585 1641 1620 1713 id
1650 1657 1702 1714 est
1731 1667 1806 1712 cum
1834 1640 1947 1712 bucule
1970 1665 2051 1712 mco.
2078 1639 2253 1712 Posterior

1393 1757 1649 1855 »congregatio
1678 1757 1817 1830 retinuit
1845 1782 1930 1828 com.
1955 1783 1973 1824 n
1995 1756 2078 1828 item
2107 1754 2252 1828 harna-

1379 1882 1517 1960 'naeus,
1537 1871 1599 1945 sed
1622 1887 1733 1945 utrum
1755 1872 1799 1944 ad
1825 1871 1976 1946 codicum
2002 1870 2107 1944 fidem
2126 1869 2168 1942 id
2190 1896 2255 1943 ex·

1390 1986 1551 2087 presserit
1569 2001 1779 2085 compartum
1793 1985 1891 2059 nobis
1908 2009 1976 2060 non
1993 2000 2057 2059 est.
2073 1985 2163 2058 Nam
2182 1984 2252 2056 six·

1391 2102 1468 2189 tini,
1487 2101 1627 2174 codices
1642 2100 1683 2188 Δ,
1699 2102 1740 2189 Β,
1754 2101 1792 2188 G,
1808 2102 1850 2188 ll,
1866 2099 1994 2199 aliique
2014 2099 2086 2172 lero
2106 2123 2253 2184 omnes,

1391 2216 1669 2316 antiquioresque
1689 2215 1768 2290 edd.
1790 2216 1906 2313 legunt
1924 2217 1960 2287 io
1980 2215 2164 2314 werifieio;
2184 2214 2254 2287 ha-

1389 2330 1501 2406 banus
1526 2333 1562 2401 io
1586 2331 1770 2430 sacrificiis.
1794 2331 1866 2404 Pro
1879 2328 2090 2402 libaminibus
2115 2355 2251 2412 mm,

1391 2445 1505 2520 cod.B
1526 2446 1736 2518 libaminibus
1755 2445 1976 2545 eioqulctum3
1991 2441 2147 2530 codd.G,
2165 2443 2249 2517 Cas.

1392 2562 1451 2634 13.
1469 2560 1678 2634 libationibus
1699 2586 1822 2633 comm.

1439 2678 1500 2749 12.
1519 2692 1634 2750 sanctu
1652 2676 1900 2762 erit-Sintini,
1916 2676 2015 2750 codd.
2031 2676 2072 2762 il,
2088 2674 2128 2763 B,
2144 2675 2187 2760 G,
2201 2675 2249 2761 It,

1391 2790 1428 2880 F,
1442 2791 1480 2879 G,
1497 2791 1540 2879 K,
1556 2792 1596 2879 Β,
1608 2792 1644 2879 S,
1656 2793 1695 2879 Τ,
1708 2793 1799 2879 ΠΝ,
1813 2791 1987 2879 habacus,
2004 2792 2121 2864 Petrus
2140 2790 2244 2862 Bam.

1391 2906 1527 2994 cxttv,
1542 2910 1640 2996 335„
1652 2909 1764 2982 bruno
1777 2907 1917 2981 ast.erit
1933 2921 2060 2980 acceto
2077 2905 2151 2978 lloc
2170 2903 2253 2978 loco-

1391 3021 1725 3096 animadvcrtandum
1745 3022 1901 3096 ducimus
1919 3023 1954 3094 in
1972 3019 2088 3096 eodioe
2103 3021 2128 3091 Β
2146 3047 2191 3093 ex
2209 3019 2251 3092 li·

1390 3136 1493 3209 brarii
1520 3138 1699 3212 oscitantia
1728 3136 1781 3210 bis
1809 3137 1977 3238 descripta
2005 3135 2113 3210 luisse
2139 3133 2251 3210 verbs

1390 3275 1480 3349 quac
1495 3267 1675 3325 occurrunt
1691 3278 1712 3324 a
1726 3251 1894 3326 versiculo
1910 3254 1945 3322 8.
1957 3251 2002 3324 ad
2017 3253 2093 3336 ts.;
2110 3249 2145 3322 id
2163 3273 2247 3324 varo

1391 3389 1501 3463 nequa
1532 3365 1799 3465 christophoros
1821 3365 2033 3453 Palomarcs,
2060 3365 2122 3465 qui
2146 3363 2247 3437 illius

1390 3479 1517 3554 codicis
1536 3479 1747 3554 collationem
1767 3479 1926 3568 instituit,
1943 3505 2053 3579 neque
2072 3477 2245 3578 Iosephus

1389 3592 1629 3683 blanchinius,
1656 3595 1716 3694 qui
1746 3594 1899 3668 eamdem
1927 3593 2142 3668 collationem
2169 3593 2248 3667 edr-

1389 3708 1458 3797 dit,
1478 3709 1683 3784 intellexisse
1704 3709 1877 3798 ridentum
1898 3735 1977 3782 nam
1999 3708 2103 3784 uerba
2123 3709 2161 3780 in
2186 3731 2245 3782 co-

1388 3824 1466 3898 dice
1490 3828 1631 3924 repetita
1655 3824 1815 3898 exhibent
1838 3840 2008 3924 tamquam
2030 3823 2243 3896 additamen-

1389 3952 1478 4027 tum,
1497 3939 1685 4037 eademque
1710 3939 1832 4037 partim
1852 3935 1896 4012 ad
1917 3939 2241 4038 uers.13.‚partim

1389 4051 1433 4126 ad
1450 4055 1509 4126 11.
1523 4054 1686 4143 raserunt,
1702 4053 1793 4129 unde
1806 4079 1930 4152 magna
1942 4053 2052 4126 orittrr
2064 4051 2239 4142 conlusio,

1390 4166 1569 4266 omnisque
1589 4183 1762 4244 contextas
1786 4167 1950 4242 turbatur.
1966 4168 2046 4242 Post
2064 4165 2170 4241 verba
2189 4182 2243 4241 ut·

1390 4308 1451 4380 que
1468 4281 1664 4356 cembilis
1680 4281 1798 4358 cod.B
1819 4285 1854 4355 2.
1869 4309 1917 4356 m.
1934 4307 1975 4356 ex
1993 4282 2076 4356 locis
2096 4281 2243 4380 paralle-

1391 4395 1434 4469 lis
1453 4395 1548 4471 addit
1565 4411 1595 4469 et
1615 4396 1765 4496 offliqetia
1785 4399 1914 4470 coimus
1933 4411 2070 4470 cerm.
2087 4398 2167 4471 Post
2187 4399 2243 4496 so·

1390 4512 1481 4585 cletis
1508 4527 1619 4586 tecam
1650 4515 1687 4586 in
1712 4537 1751 4586 ee
1782 4512 1915 4600 sixtini,
1939 4511 2105 4600 coddh,
2123 4513 2168 4599 Β,
2188 4512 2237 4600 Κ;

1389 4625 1511 4700 cod.B
1533 4643 1626 4702 notat
1644 4626 1679 4699 id
1700 4625 1857 4702 hebraice
1878 4626 2047 4726 conlegi.

1438 4742 1497 4815 ta.
1519 4741 1970 4817 bolocoostcm--llabauus
1994 4757 2099 4828 tacet;
2118 4741 2241 4816 cod.ll

1388 4855 1484 4931 addit
1497 4857 1653 4941 Domino,
1667 4855 1723 4931 cui
1739 4855 1903 4931 accedunt
1917 4871 1984 4930 tres
2002 4855 2135 4930 codices
2152 4855 2238 4930 Xon·

1387 4971 1517 5046 nicotti.
1539 4973 1602 5045 Pro
1626 4971 1796 5044 auicolae
1819 4971 2044 5044 immaculatos
2068 4985 2238 5070 quattuor-

1387 5084 1507 5171 decim,
1528 5085 1660 5175 sixtini,
1682 5084 1783 5160 codd.
1798 5084 1839 5174 Α,
1856 5084 1895 5173 G,
1910 5085 1953 5172 ll,
1970 5085 2013 5174 Β,
2030 5085 2070 5173 Β,
2086 5087 2121 5174 S,
2137 5086 2178 5174 Τ,
2193 5087 2233 5172 ll,

1293 5211 1295 5214 ’
1385 5200 1498 5274 Brono
1521 5214 1587 5274 ast.
1607 5200 1777 5274 cuniculos
1800 5199 2057 5298 quattuordecim
2080 5202 2237 5273 inuocau-

1387 5317 1491 5402 lctos,·
1510 5314 1669 5390 habam
1701 5314 1925 5389 immaculatos
1953 5313 2124 5388 anniculos
2156 5341 2237 5414 qua·

1387 5430 1573 5504 tuordccim.

1434 5547 1495 5618 ll.
1511 5561 1548 5619 et
1565 5547 1602 5618 ia
1621 5544 1987 5620 titaneus-Tacent
2004 5569 2128 5618 nexam
2146 5543 2231 5618 Bibl.

1385 5657 1527 5754 Ordin,
1541 5660 1640 5758 lingo
1660 5675 1695 5734 et
1717 5683 1875 5757 graecus,
1896 5658 1956 5734 sed
1975 5658 2065 5733 conl.
2080 5657 2230 5734 flamm.

1385 5776 1448 5851 Pro
1473 5789 1503 5849 et
1527 5775 1631 5861 ducto,
1653 5774 1739 5849 Bibl.
1759 5775 1840 5850 Ven.
1862 5774 1970 5847 1192.
1992 5776 2101 5848 1191.
2122 5775 2229 5848 1501.
