4794 6674
471 517 537 588 tot
1161 505 1324 582 Nlllllllll
1349 505 1442 580 cir.
1465 503 1551 578 Vlll.

473 697 488 732 n
507 665 656 762 potuisse
675 657 744 734 nisi
761 660 847 734 lectu
863 657 1058 734 fuissentin
1076 671 1180 732 textu.
1197 657 1247 731 lla
1268 655 1326 734 ha.-
1399 656 1425 730 Ι.
1436 681 1467 732 o.
1480 657 1716 756 interpretetur
1730 654 1849 742 verbu,
1867 673 1956 757 quse
1971 657 2127 754 leguntur
2143 659 2251 732 Exod.

472 809 488 845 s
507 777 562 849 bet
580 775 715 862 Glossn,
732 789 766 848 et
781 787 996 874 exponuntur
1011 797 1031 844 e
1049 771 1170 844 lirano
1187 787 1221 844 et
1238 769 1326 846 thu·
1399 771 1516 858 XXVI,
1540 772 1619 856 et,
1639 769 1826 869 eodemque
1846 770 2075 870 interpretatio
2100 772 2144 844 ed
2164 772 2255 846 hunc

472 923 488 960 >i
504 890 604 965 lensi.
624 891 707 964 »De
733 887 853 962 Gloseu
878 912 956 960 mox
985 885 1161 971 dicemus;
1191 883 1325 958 interim
1400 884 1507 960 Exodi
1530 885 1661 970 locum,
1680 885 1736 960 cui
1758 883 1859 983 plene
1878 885 2045 985 uniceque
2065 911 2255 961 accommo-

470 1006 647 1088 addimus,
669 1005 704 1076 in
719 1001 881 1076 ¹omnibus
906 1001 977 1076 lere
999 999 1183 1074 Bibliornm
1210 999 1325 1076 latinis
1400 1000 1474 1073 dari
1495 1013 1621 1099 potest,
1639 1023 1772 1072 numum
1791 999 1948 1077 recitatur
1970 1015 2040 1072 tum
2057 1000 2092 1072 in
2113 999 2251 1085 Glosse,

320 1157 325 1164 ·
469 1119 662 1207 codicibus,
683 1133 761 1217 post
782 1118 931 1192 seculum
954 1142 1080 1190 nonum
1101 1114 1322 1214 conscriptis,
1401 1130 1471 1188 tum
1497 1113 1589 1212 apud
1611 1112 1797 1188 Euhenum.
1821 1112 2035 1212 Compertum
2062 1131 2115 1188 est
2141 1114 2255 1212 itaque

470 1251 684 1310 controversa
705 1233 763 1306 ille
783 1231 887 1306 verba
911 1230 1029 1304 haberi
1053 1233 1113 1326 (ex
1135 1229 1206 1317 his,
1229 1253 1325 1329 pree·
1402 1229 1555 1306 Glossnm
1577 1229 1613 1302 in
1631 1229 1731 1302 Num.
1747 1228 1836 1316 lllll,
1852 1229 1887 1300 2.
1905 1229 2040 1302 nonnisi
2064 1229 2258 1329 interprete·

472 1369 521 1424 ter
540 1349 609 1423 alie
630 1347 735 1422 multa
755 1346 855 1432 alibi,
872 1345 908 1418 in
929 1345 1002 1420 sole
1018 1370 1087 1418 una
1105 1343 1261 1418 reticens
1276 1341 1327 1416 bi·
1403 1345 1529 1419 tionem
1547 1343 1743 1430 verborum,
1758 1367 1847 1442 qnae
1868 1339 1913 1416 ud
1936 1343 2043 1418 Exud.
2057 1345 2176 1430 xxvi,
2194 1347 2253 1418 et.

473 1463 640 1538 bliothece
657 1478 805 1561 quatuor
824 1484 929 1557 supra
947 1458 1121 1555 sexaginta
1141 1456 1325 1532 Bibliorum
1403 1459 1589 1557 pertinent,
1613 1457 1750 1531 habere.
1776 1457 1824 1530 lix
1849 1457 1906 1530 his
1935 1456 2060 1555 duplex
2085 1457 2259 1532 conclusio

473 1579 600 1678 vulgati
621 1577 813 1676 interpretis
838 1573 1043 1674 exemplaria
1062 1572 1256 1666 vidimus),
1276 1587 1326 1646 at·
1402 1575 1548 1660 eruitur,
1564 1597 1685 1673 nempe
1701 1572 2031 1648 inremuneratum
2048 1589 2200 1650 nostrum
2218 1599 2258 1646 er

474 1720 541 1792 que
562 1694 597 1764 in
619 1691 828 1766 correctoriis
846 1692 891 1776 N,
913 1688 943 1762 Ο
965 1703 1079 1788 aperte
1100 1687 1322 1786 propugnari,
1403 1687 1486 1764 locis
1507 1686 1680 1787 parallelis
1699 1687 1839 1786 petitum
1858 1685 1980 1774 luisse,
1999 1688 2048 1758 2⁰.
2064 1703 2195 1760 veteres
2212 1687 2260 1758 in

473 1808 658 1907 eademque
673 1807 739 1904 legi
755 1805 845 1906 npud
862 1803 1036 1878 Rabanum
1055 1802 1117 1897 (de
1132 1826 1199 1902 quo
1216 1817 1326 1876 tumen
1403 1819 1564 1903 terpretes
1592 1801 1707 1876 seculo
1734 1801 1793 1873 lll.
1814 1801 2023 1900 antiquiores
2051 1800 2134 1876 illud
2165 1802 2260 1898 igno

473 1923 561 1997 inire
576 1926 753 2019 agemus),
769 1918 966 1994 Auselmum
983 1917 1229 1990 laudunensem
1249 1916 1325 2014 (qui
1404 1944 1511 1994 resse.
1534 1918 1689 1992 Diximus
1712 1945 1732 1992 e
1756 1917 1840 1992 locis
1865 1916 2054 2016 parallelie3
2075 1943 2153 1992 nam
2179 1917 2259 1990 dum

473 2039 610 2109 ineunte
631 2061 700 2108 sec.
717 2036 792 2106 llll.
814 2032 1060 2108 interlinearem
1080 2030 1228 2126 glossam
1254 2029 1327 2104 edi·
1403 2034 1588 2108 asserimus
1620 2032 1840 2106 additamenti
1873 2033 2084 2106 occasionem
2123 2033 2261 2130 potissi-

472 2152 562 2244 dit),
579 2153 767 2223 Brunonem
788 2166 875 2235 est,
892 2149 1092 2247 Rupertum,
1109 2146 1284 2241 llugonem
1305 2170 1326 2218 e
1404 2175 1494 2224 mum
1514 2148 1661 2224 oblatam
1679 2175 1719 2222 ex
1738 2147 1876 2222 laudato
1893 2148 2000 2222 Exodi
2019 2148 2110 2234 loco,
2127 2149 2218 2247 quod
2240 2175 2260 2218 a

475 2292 504 2336 s.
520 2264 642 2337 Charo.
663 2265 755 2337 llaec
774 2263 912 2362 quidem
933 2259 1070 2335 abunde
1091 2259 1263 2334 sufficiunt
1284 2285 1326 2332 ne
1403 2263 1538 2336 nemine
1570 2262 1735 2338 hactenus
1768 2277 1918 2338 notatum
1948 2263 2162 2350 invenimus,
2193 2289 2262 2336 non

474 2379 553 2476 quis
579 2394 703 2452 temere
733 2403 945 2454 romanorum
973 2401 1150 2451 censorum
1182 2374 1328 2474 pruden-
1405 2402 1567 2474 negamus
1593 2375 1799 2452 scholiasten
1825 2376 2012 2452 contulisse
2036 2403 2172 2476 qnoque
2194 2378 2261 2450 Ex.

480 2494 559 2566 tiam
583 2493 795 2578 criminetur,
815 2493 874 2591 qui
896 2507 1008 2592 aperte
1028 2489 1171 2590 professi
1194 2504 1274 2564 sunt
1292 2513 1329 2562 se
1403 2493 1505 2580 XXV,
1529 2495 1589 2564 et.
1609 2491 1746 2578 xxvii,
1771 2494 1829 2564 20.
1850 2493 1922 2578 tt,
1948 2494 2006 2566 22.
2031 2494 2146 2591 Neque
2170 2493 2265 2566 enim

476 2631 543 2679 non
570 2606 702 2692 omnia,
723 2631 811 2706 quae
839 2605 1000 2678 mutanda
1025 2601 1240 2687 videbantur,
1266 2601 1329 2672 im·
1405 2607 1557 2682 cuiusvis
1583 2606 1648 2682 toni
1673 2606 1825 2706 paralleli
1852 2607 1953 2682 verba
1979 2607 2264 2706 descripsisset

475 2736 644 2794 mutasse:
666 2719 744 2794 licet
769 2721 861 2793 enim
886 2719 1102 2794 doctissimos
1130 2716 1208 2791 illos
1237 2716 1328 2790 viros
1406 2745 1466 2821 pro
1486 2747 1550 2796 suo
1571 2722 1706 2818 ingenio
1727 2721 1809 2808 huic
1827 2720 1899 2798 loco
1918 2735 2035 2821 aptare
2056 2720 2198 2796 studuit.
2220 2721 2264 2792 ld

476 2835 568 2908 haud
587 2835 705 2909 lateret
727 2837 826 2922 ratio,
841 2834 885 2909 ob
902 2859 1005 2934 quam
1023 2833 1125 2908 verbe
1142 2832 1186 2904 de
1204 2829 1329 2931 quihus
1405 2852 1516 2909 autem
1538 2836 1610 2908 fieri
1632 2837 1800 2935 potuisse,
1816 2837 1920 2912 immo
1937 2838 2064 2936 reipsa
2079 2837 2264 2936 aliquoties

477 2953 611 3046 agimus
642 2967 802 3047 suspecte
830 2949 1011 3035 videntur,
1040 2963 1151 3020 temen
1182 2944 1229 3017 nil
1258 2958 1330 3016 erat
1405 2951 1530 3026 lactum
1561 2977 1638 3026 essa
1666 2950 1745 3026 aliis
1776 2952 1812 3024 in
1844 2951 1929 3026 locis
1958 2953 2101 3049 ipsemet
2125 2951 2265 3024 Toletus

477 3065 569 3162 quod
585 3065 680 3163 ipsos
695 3065 739 3137 ad
759 3064 849 3137 hanc
866 3061 1105 3137 correctionem
1121 3057 1325 3157 impelleret,
1405 3066 1542 3161 agnovit
1570 3082 1604 3140 et
1634 3082 1748 3164 aparte
1779 3081 1882 3165 atque
1911 3065 2056 3164 ingenue
2086 3066 2266 3164 protessus

477 3196 536 3252 aut
561 3179 713 3253 eamdem
736 3178 873 3252 omnino
899 3175 1124 3252 necessariam
1149 3197 1226 3248 esse
1251 3197 1330 3246 suu·
1405 3181 1533 3265 sequti
1549 3179 1741 3256 videbimus
1758 3182 1801 3254 ad
1817 3182 1832 3252 l
1850 3181 2053 3277 Repulit,
2068 3181 2261 3264 tntilli,

476 3294 588 3379 deret;
614 3294 717 3368 immo
743 3293 840 3393 plura
863 3291 1100 3378 occurrebant,
1125 3313 1213 3390 quae
1238 3311 1330 3362 rece·
1407 3297 1442 3368 3.
1468 3295 1498 3366 ll
1523 3295 1603 3391 teg.
1625 3296 1719 3383 lllll,
1743 3299 1780 3370 8.
1806 3297 1903 3370 Prot.
1928 3297 1992 3382 tx,
2020 3297 2079 3368 18.
2102 3310 2135 3368 et
2160 3294 2261 3368 alibi.

478 3425 568 3506 ptam
601 3409 798 3494 lectionem,
826 3407 1024 3507 praesertim
1057 3405 1173 3479 habita
1201 3403 1330 3478 mtione
1406 3408 1456 3482 Ad
1477 3425 1607 3485 veteres
1628 3424 1741 3485 eutem
1761 3411 1960 3509 interpretes
1983 3409 2074 3508 quod
2095 3409 2261 3506 perduct,

475 3524 680 3598 conditionis
703 3523 795 3596 illius
816 3523 953 3608 aetatis,
972 3522 1026 3596 sin
1047 3537 1189 3606 certam,
1210 3517 1328 3592 saltem
1406 3549 1511 3620 quum
1543 3525 1674 3622 priscos
1706 3523 1889 3602 Bibliorum
1920 3524 2079 3610 codices,
2110 3522 2266 3620 locuple·
2391 3603 2392 3618 q

476 3665 543 3712 non
575 3637 666 3712 omui
697 3636 867 3736 praesidio
896 3636 1091 3710 destitutam
1120 3635 1331 3708 demonstra·
1407 3637 1557 3710 tissimus
1587 3661 1671 3712 sene
1700 3652 1823 3724 testes,
1852 3638 2099 3714 consentientes
2124 3638 2267 3734 conspi—

478 3753 571 3825 bnnt.
588 3753 741 3824 Ceterum
762 3751 792 3824 si
812 3751 961 3826 criticam
978 3750 1209 3850 quaestionem
1229 3747 1330 3821 eltins
1406 3768 1587 3850 mutesque
1611 3752 1778 3839 hehsout,
1799 3779 1840 3828 ex
1863 3751 1996 3828 illorum
2022 3753 2157 3828 silentio
2182 3778 2268 3850 pro-

479 3867 646 3965 inspicere
661 3881 763 3964 atque
776 3864 1152 3965 expenderevolumue,
1169 3862 1331 3940 nonnulle
1406 3865 1492 3940 lecto
1524 3865 1617 3941 haud
1649 3865 1755 3941 dubio
1788 3881 1985 3964 argumento
2018 3867 2260 3940 conluctamur.

480 3997 560 4053 sunt
581 3980 890 4054 animadvertenda.
912 3981 950 4052 ln
973 3978 1091 4077 primis
1117 3977 1251 4052 Toletus
1277 4001 1331 4049 ar·
1406 3981 1502 4056 Ratio
1526 3981 1673 4079 denique
1696 4005 1801 4080 quam
1830 4005 1870 4055 ex
1902 3980 2007 4055 uariis
2039 3979 2263 4064 lectionibus,

478 4111 673 4192 gumentum
699 4094 781 4195 petit
804 4121 846 4168 ex
869 4121 909 4168 eo
934 4094 1026 4192 quod
1051 4092 1145 4168 nulla
1171 4108 1333 4190 appareat
1406 4121 1495 4193 quae
1512 4096 1547 4166 in
1566 4094 1630 4168 hoc
1648 4093 1878 4169 additamento
1895 4094 2162 4193 conspiciuntur,
2178 4094 2269 4166 llar-

479 4212 581 4298 ratio‚
597 4236 658 4283 cur
670 4210 757 4284 hoec
775 4209 856 4283 addi
877 4209 1063 4310 potuerint;
1079 4209 1158 4283 dein
1176 4208 1220 4282 ad
1240 4207 1332 4284 Glos
1407 4213 1560 4286 tianaeus
1578 4210 1718 4296 accivit,
1734 4210 1952 4286 confirmetur
1968 4236 2010 4284 ex
2028 4209 2089 4294 iis,
2106 4233 2195 4308 quae
2212 4234 2270 4280 se

479 4351 537 4398 sae
551 4325 779 4400 auctoritatem
797 4339 966 4423 provocat.
977 4323 1204 4397 llartianaeus
1221 4347 1332 4396 econ·
1407 4342 1567 4428 quuntur.
1600 4328 1700 4402 Vetus
1732 4325 1933 4401 Bibliorum·
1949 4325 2056 4400 codex
2087 4325 2269 4400 vatimnus

477 4459 528 4512 tra
547 4439 812 4514 additamentum
834 4463 876 4512 ex
901 4438 975 4514 loco
998 4435 1162 4538 parallelo,
1178 4437 1240 4519 Er.
1255 4437 1328 4524 tt,
1409 4444 1516 4515 titt.
1529 4441 1610 4516 olim
1630 4442 1788 4518 lariensis
1805 4440 1932 4535 (seculi
1945 4441 2041 4534 ΧΠ.)
2064 4439 2160 4536 legit:
2178 4439 2270 4512 Gom

479 4558 536 4626 22.
550 4555 737 4628 derivatum
757 4554 864 4628 luisse
882 4556 1063 4628 existimat.
1077 4554 1196 4628 Verum
1212 4551 1332 4630 tieem
1403 4559 1549 4656 posuerit
1565 4571 1684 4655 septem
1704 4557 1851 4630 luemus
1869 4555 2138 4628 coodrlclmnrm
2154 4556 2190 4626 tir
2206 4580 2270 4627 cu-

476 4671 511 4742 in
534 4672 633 4742 Num.
646 4669 733 4754 Vlll,
752 4671 785 4740 2.
803 4667 851 4740 nil
870 4668 964 4742 eliud
982 4668 1085 4744 hebet
1104 4667 1333 4768 praeteralle·
1406 4672 1506 4746 strcli
1518 4687 1616 4769 porte
1630 4673 1748 4769 eripet,
1765 4685 1796 4744 et
1814 4683 1927 4744 contro
1946 4693 2018 4742 eam
2032 4683 2161 4766 partem
2178 4693 2268 4765 quae

478 4784 625 4878 goricam
647 4781 830 4881 quemdum
855 4782 1100 4881 expositionem
1126 4782 1264 4880 petitum
1291 4807 1331 4858 ex
1407 4786 1639 4862 ccodelnbmm
1671 4787 1805 4884 respicit
1843 4786 1946 4858 lucere
1985 4783 2154 4858 delebunt.
2190 4783 2268 4854 Hoc

479 4896 589 4969 Bedae
602 4920 704 4994 opere
719 4894 759 4970 de
776 4895 900 4968 eodm.
912 4909 944 4968 et
959 4898 1049 4970 cusis
1064 4897 1149 4980 cius,
1167 4898 1210 4983 ll,
1229 4898 1329 4983 ll'l.,
1408 4903 1512 4999 ipitur
1531 4902 1702 4998 praecipe,
1724 4913 1762 4972 ct
1787 4900 1936 4984 lucemus
1955 4911 2069 4970 contro
2093 4897 2222 4970 bortum
2249 4925 2268 4967 e

477 5010 699 5109 eamdemque
731 5009 834 5084 hebet
866 5011 1023 5086 Rabanus
1058 5012 1094 5083 in
1129 5010 1257 5084 Comm.
1288 5011 1331 5084 ed
1406 5017 1535 5111 rapiens
1555 5015 1733 5110 respiciunt
1751 5011 1796 5088 od
1810 5038 1956 5086 mmecm
1973 5035 2099 5110 portum
2115 5013 2269 5107 proposi-

479 5125 514 5196 lr.
532 5124 576 5210 l.;
594 5139 765 5222 praeterea
790 5127 833 5198 de
851 5125 943 5198 Beda
962 5126 1046 5200 setis
1068 5139 1200 5200 constat
1220 5151 1261 5200 ex
1279 5127 1328 5212 ll,
1408 5131 1517 5202 tionis.
1534 5128 1686 5226 Fecitquc
1698 5130 1807 5204 Aaron
1822 5144 1890 5202 etc.
1903 5129 1943 5200 ln
1960 5127 2076 5202 codice
2092 5126 2268 5200 vaticano-

479 5242 560 5312 tot.
582 5239 677 5314 illum
702 5241 878 5337 ignorasse
903 5242 1168 5318 additamentum
1196 5242 1240 5316 de
1263 5266 1332 5340 quo
1408 5242 1556 5342 palatino
1576 5245 1652 5329 te,
1668 5243 1727 5342 qui
1749 5243 1858 5342 primo
1879 5241 2144 5316 additamentum
2167 5240 2268 5336 igno-

477 5355 629 5451 egimus:
655 5355 757 5428 immo
783 5354 819 5428 in
847 5354 985 5430 laudata
1007 5356 1118 5429 Bedae
1145 5372 1179 5430 et
1203 5355 1331 5432 liubeni
1406 5357 1521 5442 rabat,
1541 5357 1692 5432 secunde
1714 5383 1855 5443 manus,
1875 5356 2008 5431 abrosis
2033 5356 2184 5456 quinque
2206 5373 2268 5428 aut

478 5469 703 5566 expositione,
724 5495 828 5568 quam
849 5470 967 5544 recitat
986 5469 1246 5557 Glosee,'alium
1267 5486 1333 5544 ter-
1407 5471 1615 5559 senueritis,
1636 5471 1721 5546 illud
1748 5471 1870 5570 partim
1894 5471 1929 5544 in
1950 5485 2057 5556 textu,
2080 5469 2201 5567 purtim
2230 5471 2264 5542 in

479 5599 567 5669 tum,
588 5609 754 5658 nentem
779 5583 1001 5659 additamenti
1023 5586 1127 5660 nostri
1149 5584 1252 5661 verba
1276 5613 1333 5659 ex·
1408 5588 1559 5686 margine
1578 5588 1643 5662 hoc
1669 5601 1766 5686 pacto
1791 5586 1982 5684 inscripsit:
2005 5611 2079 5658 cum
2103 5587 2267 5684 inposue—
2388 5599 2389 5678 j

481 5701 557 5794 poni
580 5698 830 5797 apertissimum
850 5715 914 5774 est.
931 5700 978 5772 lle
997 5699 1135 5798 quidem
1150 5724 1231 5774 vera
1247 5702 1328 5776 Ven.
1406 5705 1483 5778 titt'e
1513 5705 1662 5776 lucernas
1689 5701 1763 5776 tlt.
1788 5699 2020 5775 ccudelcdrum
2051 5702 2087 5772 ic
2121 5699 2268 5772 australi

478 5811 569 5886 Beda
585 5812 619 5886 in
635 5811 772 5890 laudato
788 5813 941 5912 operedc
957 5813 1082 5888 talen.
1095 5827 1125 5886 et
1139 5817 1229 5890 casu
1242 5817 1328 5901 mut,
1404 5833 1499 5914 purte
1524 5820 1639 5913 eripe.
1664 5817 1733 5890 Hoc
1754 5818 1860 5914 iqitur
1879 5817 2032 5912 praecipe
2053 5828 2089 5886 ut
2115 5813 2264 5886 trem
