4750 6694
460 514 505 584 ra
1147 503 1542 580 .cs1vss1scrr...111.
1647 455 1649 460 ’

462 663 536 748 iure
551 675 715 735 servatam
730 659 838 731 luisse
856 683 876 730 a
893 658 1041 730 romanis
1054 655 1311 740 correctoribus,

461 777 589 876 quippe
608 773 803 874 quaeapud
824 771 947 846 latinos
965 797 985 844 a
1002 771 1117 846 multis
1136 769 1260 845 seculis
1280 771 1314 841 in

458 891 616 965 omnibus
634 891 703 963 lere
721 887 896 962 codicibus
914 904 1099 987 propagata
1121 887 1244 960 luerat:
1267 886 1314 958 ita

456 1024 492 1080 ut
512 1007 612 1103 longe
636 1005 746 1102 magis
773 1004 1023 1077 incommodum
1048 1003 1156 1076 videri
1182 1017 1313 1101 poterat

456 1122 549 1195 illam
573 1122 772 1206 reformare,
794 1145 896 1219 quarn
924 1119 1083 1191 intactam
1103 1117 1313 1218 praetermit-

454 1256 535 1311 tere.
558 1238 730 1310 Laudatus
748 1233 923 1308 De-Rossi
941 1232 1113 1308 concludit
1130 1233 1225 1306 hisce
1242 1257 1313 1306 ver·

456 1352 527 1426 bis:
542 1351 820 1449 «Cuiuscumque
835 1375 914 1446 ergo
931 1349 991 1435 sit,
1009 1349 1082 1422 sive
1100 1347 1306 1447 interpretis,

459 1467 587 1550 saiva,
613 1465 704 1564 quod
731 1463 981 1549 verosimilius,
1007 1463 1225 1536 amanuensis
1249 1460 1311 1534 ho-

459 1612 475 1649 »
492 1581 610 1652 dierna
623 1578 782 1676 Vulgatae
801 1577 911 1664 lectio,
929 1604 969 1651 ea
986 1605 1027 1651 ex
1044 1576 1201 1651 hebraeis
1219 1601 1311 1672 grae

458 1697 609 1794 »cisque
632 1694 780 1768 lontibus
798 1693 1012 1768 emendanda
1029 1709 1097 1780 est,
1121 1691 1312 1765 referenda·

456 1839 580 1910 nque.
602 1869 607 1881 .
631 1811 699 1883 .ad
722 1837 763 1882 ea
785 1809 1008 1882 clementinae
1032 1808 1191 1882 editionis
1216 1806 1306 1894 luca,

455 1959 471 1996 n
488 1954 576 2028 quae
590 1927 704 1999 adhuc
719 1926 763 1998 ad
779 1925 875 1998 hebr.
890 1940 1016 1997 textum
1034 1925 1122 2021 exigi
1137 1941 1239 2023 atque
1251 1923 1311 1996 Ee

454 2042 612 2115 »clasiae
637 2041 837 2115 auctoritate
861 2039 1034 2112 emendari
1055 2054 1088 2113 et
1110 2053 1254 2137 possunt
1278 2053 1311 2112 et

454 2189 472 2226 n
488 2157 624 2231 debent.
637 2188 654 2226 »
667 2157 775 2242 llaec,
795 2172 910 2230 nostro
927 2155 1064 2254 quidem
1083 2154 1224 2240 iudicio,
1241 2179 1309 2227 non

452 2273 536 2346 satis
555 2273 726 2344 moderate
745 2270 837 2343 dicta
857 2270 1027 2343 videntur.
1044 2270 1132 2343 Nam
1148 2266 1310 2366 Vulgatue

452 2388 579 2461 latinae
597 2387 757 2461 editionis
776 2401 979 2459 correctores
999 2385 1181 2484 pontificii,
1198 2385 1309 2484 ipsius

444 2503 646 2602 interpretis
660 2503 759 2590 vitia,
777 2502 805 2574 si
821 2528 910 2600 quae
924 2501 1149 2602 apparebunt,
1166 2502 1310 2601 prudan

449 2619 581 2692 tissime
598 2633 802 2714 negaverant
819 2616 1036 2715 castiganda,
1058 2617 1141 2716 quia
1164 2641 1309 2690 esacrae

452 2766 469 2804 n
487 2735 747 2832 Congregationi
770 2733 949 2833 (inquiunt
966 2733 1000 2805 in
1018 2735 1134 2832 Proes.
1147 2731 1192 2805 od
1211 2733 1305 2827 lect.)

451 2880 469 2919 n
486 2849 698 2950 propositum
718 2874 785 2921 non
804 2847 867 2921 luit
884 2873 1007 2921 novam
1025 2846 1173 2947 aliquam
1192 2846 1310 2920 editio-

451 2993 468 3034 »
487 2989 565 3036 nem
584 2963 723 3050 cudere,
739 2960 792 3036 vel
812 2961 990 3060 antiquum
1007 2961 1223 3060 interpretem
1238 2960 1309 3034 ulla

451 3108 470 3148 n
485 3104 526 3150 ex
544 3093 639 3178 parte
651 3078 831 3174 corrigere,
843 3076 897 3150 vel
915 3077 1107 3163 emendare;
1121 3075 1182 3150 sed
1197 3077 1308 3174 ipsam

451 3209 633 3268 »veterem
660 3217 700 3266 ac
723 3192 894 3289 vulgatam
915 3191 1099 3266 editionem
1120 3191 1261 3265 latinam
1287 3217 1308 3264 a

450 3307 620 3381 »mendis
645 3323 797 3380 veterum
824 3307 1054 3394 librariorum,
1076 3332 1207 3381 necnon
1231 3332 1308 3408 pra·

340 3497 345 3508 ,
450 3423 603 3518 »varum
633 3423 910 3497 emendationum
940 3421 1111 3497 erroribus
1145 3447 1305 3521 repurga-

449 3555 569 3626 »tam,
592 3565 675 3612 suae
697 3539 861 3639 pristinae
880 3537 1063 3635 integritati
1085 3562 1126 3611 ac
1145 3537 1303 3638 puritati,

449 3654 596 3755 »quoad
623 3654 697 3727 eius
723 3652 797 3725 lieri
823 3652 950 3752 potuit,
973 3653 1162 3726 restituere.
1175 3681 1195 3722 s
1210 3652 1306 3726 Hanc

447 3771 586 3871 quidem
605 3767 894 3869 sapientissimam
909 3791 1063 3841 normam
1080 3765 1146 3840 sibi
1165 3785 1306 3866 sequen·

447 3884 528 3958 darn
558 3881 962 3984 proposuerantromani
993 3896 1217 3968 correctores;
1245 3881 1305 3981 qui

446 4015 638 4099 praeterea,
660 3996 747 4070 duce
768 4023 797 4070 s.
819 3995 1047 4096 Hieronymo,
1067 3995 1306 4070 existimabant

446 4115 512 4188 hoc
530 4115 565 4187 in
583 4113 718 4211 negotio
732 4127 830 4186 caute
842 4110 1016 4184 uitandam
1029 4136 1096 4184 esse
1109 4110 1307 4210 populorum

445 4231 671 4329 offensionem
690 4227 781 4302 unde
807 4252 875 4301 non
900 4226 1014 4300 omnia
1036 4243 1108 4301 tuto
1131 4227 1304 4300 emendari

443 4361 601 4446 poterant
624 4369 714 4444 quae
738 4343 824 4418 viris
850 4340 959 4416 doctis
985 4340 1185 4440 corrigenda
1208 4341 1305 4416 vide-

442 4461 578 4535 bantur.
600 4459 708 4557 Igitur
732 4459 761 4532 si
788 4457 831 4530 ab
857 4457 933 4558 ipso
958 4455 1099 4556 Vulgata
1123 4458 1304 4558 interprete

445 4576 545 4653 lectio
570 4593 685 4650 nostra
709 4573 939 4675 promanavit,
965 4573 1114 4672 prolecto
1139 4601 1207 4648 non
1233 4589 1306 4650 erat

446 4690 679 4764 reformanda:
700 4689 731 4764 si
758 4715 837 4764 vero
857 4688 901 4762 ab
922 4688 1190 4764 amanuensibus
1211 4690 1306 4764 inve-

448 4823 502 4880 cta
525 4805 590 4878 suit
608 4805 721 4905 (quod
746 4803 847 4902 longe
863 4803 1093 4879 verosimilius
1116 4829 1195 4880 esse
1220 4804 1304 4880 late-

446 4926 561 5018 mur),
584 4937 664 4995 tuuc
689 4918 939 5019 inspiciendum
965 4933 1037 4992 erat
1058 4946 1101 4993 an
1124 4918 1307 5020 prudenter

446 5038 606 5136 castigari
623 5051 818 5112 mereretur.
835 5036 884 5109 lix
900 5035 997 5110 hisee
1015 5035 1236 5136 intelligimus
1252 5037 1305 5109 Bi·

446 5154 516 5229 blia
531 5153 674 5254 Vulgata
691 5177 759 5226 non
778 5153 870 5228 omni
887 5179 928 5227 ex
946 5169 1042 5252 parte
1059 5152 1173 5252 quoad
1190 5179 1305 5228 emen-

446 5271 629 5344 dationem·
647 5296 725 5344 esse
755 5269 934 5370 periecta;
966 5267 1049 5369 quin
1083 5285 1195 5344 mmen
1226 5269 1305 5344 inde

446 5387 578 5488 aliquid
600 5386 765 5460 adversus
786 5411 955 5460 summam
976 5384 1170 5460 eorumdem
1189 5401 1305 5461 aucto-

446 5521 549 5580 tatem
571 5503 838 5604 dignitatemque
860 5502 933 5577 erui
956 5517 1071 5603 queat.
1093 5501 1188 5590 Quae
1213 5501 1303 5577 enim

446 5621 481 5691 in
504 5620 546 5694 iis
569 5634 754 5721 supersunt
774 5618 939 5693 lectiones
962 5617 1078 5693 minus
1099 5619 1301 5717 castigatae,

446 5761 557 5836 neque
574 5735 754 5811 destitutae
769 5750 850 5810 sunt
864 5732 957 5809 omui
973 5731 1090 5808 critico
1106 5731 1305 5810 fundamen·

447 5865 501 5938 to;
515 5877 625 5954 neque
642 5877 781 5950 sensum
795 5851 831 5926 in
844 5850 945 5928 rebus
960 5849 1126 5951 gravioris
1142 5851 1303 5930 momenti

1394 655 1561 740 affimant,
1575 667 1637 726 aut
1653 650 1773 726 saltem
1790 650 1839 722 nil
1857 675 1877 724 e
1894 675 1980 726 sana
1996 649 2151 724 doctrina
2167 649 2247 723 alie

1392 797 1474 844 num
1492 769 1694 870 exprimunt.
1711 768 1755 840 Et
1771 793 1808 841 re
1824 766 1962 867 quidem
1979 790 2074 851 vera,
2090 764 2183 864 quod
2201 764 2245 876 ad

1391 899 1602 985 praesentem
1615 882 1792 958 lectionem
1807 883 1899 979 (ipro
1912 885 2068 970 conum)
2082 879 2242 979 pertinet,

1390 1000 1478 1075 hanc
1497 1016 1633 1074 servant
1649 999 1720 1071 bini
1739 997 1874 1074 codices
1893 996 2043 1072 hebraici
2067 995 2246 1092 (Patritius

1390 1132 1457 1190 tres
1480 1115 1580 1190 codd.
1602 1117 1816 1209 enumerat),
1838 1123 1974 1213 praeter
1989 1111 2075 1187 alios
2092 1111 2245 1210 quinque

1388 1230 1534 1326 dubioe;¹
1546 1247 1659 1304 servat
1675 1247 1709 1304 et
1725 1255 1867 1328 graecus
1880 1251 2074 1328 anonymus
2092 1226 2127 1298 in
2146 1225 2246 1298 hera·

1389 1346 1456 1446 plis
1470 1347 1728 1434 hlontlauconii,
1745 1361 1779 1419 et
1794 1343 1944 1420 Onlrelos
1961 1345 1997 1415 in
2015 1369 2083 1417 uno
2096 1341 2179 1440 md·
2191 1342 2246 1414 de·

1388 1463 1560 1549 rossian03
1579 1463 1745 1535 accedunt
1760 1461 1858 1536 latini
1875 1459 2014 1556 codices
2029 1485 2113 1533 mss.
2130 1483 2246 1558 super·

1389 1580 1502 1666 stites,
1523 1579 1770 1677 cuiuscumque
1793 1577 1930 1663 aetatis,
1953 1577 2024 1650 lere
2043 1600 2183 1660 omnes;
2206 1599 2245 1668 ea

1388 1693 1542 1791 patribus
1568 1693 1800 1790 Augustinus,
1821 1691 2043 1776 Ambrosius,
2064 1688 2246 1785 Gregorius

1387 1808 1431 1881 hl.
1446 1807 1573 1908 aliique
1591 1807 1687 1881 latini
1705 1809 1888 1906 scriptores
1907 1806 2043 1880 serioris
2059 1803 2183 1878 aetatis
2199 1805 2247 1875 in-

1383 1923 1533 1998 numeri.
1549 1921 1601 1995 Cl.
1616 1923 1797 1996 Faustinus
1815 1919 1947 1996 hreual.
1959 1919 2092 2016 Prolep.
2108 1919 2144 1990 in
2162 1917 2246 1989 Prrr

1381 2040 1494 2112 danai
1506 2041 1592 2138 Opp.
1604 2067 1677 2139 cop.
1691 2039 1724 2112 X
1727 2095 1749 2124 .,
1763 2038 1939 2136 Passaglia
1952 2038 2000 2111 Dc
2014 2037 2150 2110 lmmoc.
2164 2035 2246 2108 Con·

1387 2169 1469 2251 cept.
1482 2169 1573 2252 port.
1587 2163 1624 2230 2.
1637 2181 1720 2253 pop.
1734 2157 1822 2228 950.
1834 2169 1866 2225 ct
1878 2179 1968 2252 seqq.
1981 2168 2015 2226 et
2028 2167 2185 2226 auctores
2204 2149 2246 2222 ab

1387 2269 1452 2344 hec
1473 2269 1614 2343 laudati.
1635 2269 1688 2341 Ad
1713 2295 1852 2343 sensum
1872 2293 1952 2342 vero
1973 2267 2065 2368 qued
2092 2283 2242 2366 spectat,
2352 2265 2354 2268 ’

1386 2384 1616 2458 adnotandum
1635 2401 1687 2458 est
1702 2401 1882 2484 utramque
1899 2382 2076 2458 lectionem
2095 2381 2138 2455 ad
2157 2407 2248 2455 eam·

1386 2499 1463 2573 dem
1476 2499 1757 2596 significationem
1772 2499 1922 2574 revocari
1937 2522 2051 2597 posse;
2067 2496 2141 2571 sive
2152 2497 2246 2569 enim

1386 2613 1482 2688 dicas
1497 2615 1572 2713 Ipse
1585 2615 1757 2710 (mulieris
1772 2612 1880 2708 lilius)
1893 2627 2042 2686 conteret
2058 2627 2162 2711 caput
2179 2637 2247 2686 ser

1387 2730 1515 2827 pentis;
1537 2729 1610 2803 sive
1631 2729 1713 2828 Ipso
1733 2729 1877 2824 (mulier
1901 2753 1963 2826 per
1988 2727 2083 2800 illum
2110 2726 2243 2820 lilium)

1386 2861 1536 2919 meteret
1552 2861 1653 2945 caput
1670 2846 1857 2943 serpentis,
1872 2845 1996 2919 eadem.
2009 2843 2097 2920 redit
2113 2859 2247 2918 senten·

1386 2962 1445 3034 tia.
1467 2960 1557 3034 Hinc
1581 2960 1750 3057 hupertus
1775 2961 1850 3033 tuit.
1872 2957 1937 3034 sub
1962 2959 2031 3033 line
2054 2958 2187 3034 Comm.
2210 2959 2245 3030 in

1385 3073 1536 3163 Nahum,
1557 3089 1591 3148 et
1609 3074 1739 3148 Raban.
1761 3076 1796 3147 in
1819 3075 1855 3147 h.
1878 3075 1903 3147 l.
1923 3091 2102 3174 utramque
2125 3073 2247 3148 lectio·

1385 3215 1462 3264 nem
1488 3207 1661 3289 exponunt
1687 3202 1793 3292 atque
1815 3190 2090 3291 interpretantur.
2115 3190 2246 3278 Quam·

1383 3304 1500 3380 obrem
1527 3306 1753 3382 bellarminus
1777 3307 1825 3381 ait
1849 3333 1914 3379 non
1937 3333 2005 3380 erse
2029 3321 2144 3381 contro
2167 3306 2246 3380 Vul-

1383 3435 1497 3519 potum
1513 3420 1686 3495 editionem
1706 3425 1739 3494 si
1758 3423 1972 3496 conuincomr
1991 3422 2138 3521 priorem
2162 3421 2240 3496 lect.

1384 3560 1463 3610 esse
1477 3537 1745 3636 praeferendam.
1761 3537 1811 3610 De
1823 3537 1920 3610 uerbo
1934 3538 2012 3621 Dei,
2027 3536 2161 3622 t.11,0.
2181 3545 2240 3614 12.

1383 3650 1485 3725 Plura
1499 3669 1612 3726 autem
1627 3667 1707 3726 sunt
1719 3669 1919 3751 argumenta
1932 3652 2127 3754 quasillum
2141 3654 2245 3751 lenge

1383 3765 1647 3866 probabiliorem
1674 3767 1832 3841 reddunt.
1857 3769 1948 3856 Nos,
1975 3767 2118 3868 reliquis
2144 3795 2246 3869 prae-

1384 3881 1568 3970 termissis,
1590 3907 1701 3982 pauca
1720 3907 1809 3982 quae
1828 3881 2006 3958 arietinis
2027 3880 2245 3958 documentis

1383 4023 1501 4072 eruere
1515 4000 1689 4096 potuimus
1704 3999 1926 4100 proferemus.
1939 4001 2068 4098 Legunt
2083 4001 2152 4100 ipse
2171 4029 2245 4077 con·

1384 4127 1463 4186 teret
1484 4113 1630 4188 ceddi)
1650 4118 1684 4186 1.
1702 4141 1749 4188 m.
1769 4113 2013 4212 (arridetur),
2030 4115 2076 4203 E,
2092 4116 2141 4204 H,
2159 4118 2185 4190 Ι,
2205 4121 2240 4204 2,

1384 4230 1427 4318 Q.
1447 4231 1546 4305 «Nec
1563 4229 1699 4319 dubito,
1722 4232 1833 4332 iuquit
1848 4232 2042 4319 Ile-Rcssi,
2064 4231 2151 4308 alios
2170 4235 2245 4309 sui-

1385 4375 1403 4416 n
1419 4345 1625 4446 fragaturos,
1641 4347 1671 4420 si
1686 4372 1773 4423 nora
1788 4365 1823 4423 et
1837 4349 2025 4424 accuratior
2039 4348 2076 4421 in
2092 4346 2129 4420 h.
2142 4349 2168 4421 l.
2183 4351 2244 4426 fiat

1384 4491 1402 4533 u
1418 4462 1599 4538 latinorum
1615 4462 1715 4537 codd.
1728 4463 1876 4539 collatio.
1888 4494 1906 4534 u
1918 4462 1960 4537 ht
1971 4489 2052 4539 vero
2066 4465 2243 4565 praeclara

1382 4594 1497 4653 monet
1511 4579 1619 4654 huces
1637 4579 1836 4677 brugensis,
1853 4578 1922 4672 duo
1938 4579 2146 4680 exemplaria
2162 4576 2245 4681 pro·

1381 4693 1450 4768 lata
1464 4720 1485 4768 n
1500 4695 1770 4770 bononiensibus
1784 4721 1846 4795 pro
1862 4695 1927 4770 hac
1943 4695 2104 4786 lectione,
2121 4695 2244 4772 eadem

1382 4833 1459 4884 esse
1478 4834 1518 4884 ac
1536 4807 1596 4885 illa
1611 4835 1703 4910 quae
1719 4811 1922 4886 excitaverat
1935 4811 2102 4887 liebertus
2117 4813 2242 4914 Steph.

1382 4925 1418 4998 in
1439 4925 1522 5000 edit.
1542 4925 1630 5001 bibl.
1651 4927 2087 5027 an.1stu.‚.nempeood.
2110 4955 2140 5002 s.
2159 4928 2243 5004 Ger·

1382 5041 1474 5116 mani
1488 5039 1685 5140 oblongum,
1697 5057 1732 5116 et
1743 5041 1988 5120 correctorium
2001 5042 2239 5118 sorbonicum:

1382 5157 1531 5232 nondum
1549 5174 1661 5232 autem
1680 5173 1813 5232 constat
1828 5173 1940 5232 utrum
1960 5157 2053 5234 istud
2070 5157 2243 5234 Gorracto-

1381 5273 1470 5347 rium
1489 5272 1577 5348 hanc
1595 5272 1773 5350 lectionem
1795 5299 1838 5348 ex
1859 5272 2023 5363 hebraeo,
2041 5299 2085 5348 an
2102 5297 2145 5348 ex
2162 5273 2242 5350 lati·

1382 5389 1438 5464 nis
1459 5389 1559 5466 codd.
1582 5389 1769 5490 protulerit.
1787 5390 1965 5466 lindanus
1987 5391 2037 5466 120
2060 5392 2137 5492 Opt.
2160 5419 2237 5492 pen.

1380 5505 1566 5605 interpret,
1590 5505 1703 5580 Gelon.
1729 5513 1839 5580 6538.
1860 5507 1923 5606 [ol.
1945 5505 2047 5592 ⁴27„
2067 5522 2147 5605 post
2168 5534 2242 5582 me·

1381 5638 1528 5696 moratos
1550 5621 1638 5698 duos
1659 5622 1758 5698 codd.
1779 5621 1943 5724 Stephani
1962 5621 2095 5698 subdit:
2115 5624 2242 5722 suffra-

1379 5751 1503 5839 pentor
1526 5744 1548 5810 d
1566 5737 1799 5822 benene..
1816 5738 1859 5813 ht
1876 5738 2093 5814 vehementer
2118 5738 2242 5814 dubito

1380 5851 1424 5929 de
1442 5851 1497 5929 his
1514 5852 1634 5942 codd,
1654 5869 1725 5932 tum
1743 5854 1825 5955 quia
1844 5870 1975 5934 constat
1991 5853 2180 5931 hindanum
2199 5855 2240 5928 in
