4796 6680
874 469 1228 598 cnunsrs'osrv.
1907 511 1955 603 tr

162 680 345 767 postquam
361 667 673 767 penetra-veum
690 665 824 767 vulgati
839 669 919 746 edd.
935 685 1030 770 quot·
1098 701 1124 741 ,ι
1138 691 1305 748 annorum
1329 669 1504 770 sexaginta
1523 671 1676 772 quinque
1693 673 1811 771 gennit
1828 671 1962 750 blathu-

167 797 255 881 quot
266 782 417 858 vidimus
429 781 547 881 legunt
557 783 605 858 m
613 783 798 858 ambulavit
810 783 944 858 aeaut
955 812 1030 860 cum
1106 816 1125 856 ιι
1139 785 1246 862 salem
1256 843 1265 874 ,
1277 801 1354 887 post
1367 787 1466 862 cuius
1478 801 1589 862 ortum
1602 787 1788 862 ambulavit
1800 811 1878 862 cum
1890 790 1961 864 Deo

167 897 250 970 Dm.
277 897 324 972 Et
346 899 436 974 otoo
458 897 591 974 Houtcb
611 914 791 999 postquam
814 900 939 998 posuit.
966 898 1028 974 His
1107 901 1301 976 »trecentis
1315 901 1427 976 annis.
1442 931 1459 972 u
1472 903 1521 976 iix
1538 901 1595 976 his
1609 903 1701 976 enim
1714 903 1801 978 mire
1816 903 1963 980 illustra·

167 1011 354 1088 concinunt
368 1012 507 1088 coddb
521 1013 600 1112 (aad
617 1039 679 1116 pro
691 1015 759 1088 oo
774 1013 1024 1111 legittimae,
1104 1029 1159 1092 tur
1182 1017 1287 1092 altera
1316 1017 1472 1117 quaestio
1499 1043 1588 1116 quae
1615 1017 1720 1092 oritur
1748 1043 1789 1092 ex
1820 1017 1962 1094 lectione

169 1149 248 1198 cnm
269 1125 361 1199 beda
378 1126 428 1215 11,
449 1127 579 1222 m),
600 1126 643 1214 C,
663 1127 711 1214 D,
730 1128 756 1200 F
777 1128 860 1222 (sed
881 1128 1030 1204 isti‘tres
1105 1151 1209 1230 qnam
1233 1131 1339 1206 secuti
1366 1145 1445 1204 sunt
1474 1130 1604 1204 sixtini.
1633 1133 1718 1206 Nam
1744 1131 1800 1221 bi,
1826 1134 1962 1211 reiectis

164 1237 269 1314 cedd.
287 1254 400 1316 noent
418 1255 465 1324 at,
487 1255 568 1316 ante
587 1241 716 1338 eicit),
733 1240 761 1315 G
781 1241 860 1338 (sed
882 1241 964 1340 legit
977 1245 1031 1316 ui·
1104 1244 1220 1317 verbis
1245 1259 1277 1317 et
1300 1247 1388 1318 eicit
1412 1244 1561 1330 Hcaoob,
1586 1243 1744 1344 legebant
1761 1261 1893 1322 tantum
1916 1247 1962 1336 Et

168 1357 226 1430 uit
247 1359 395 1451 autem),
410 1358 438 1430 N
456 1358 491 1444 *,
506 1357 548 1445 a,
563 1357 599 1445 S;
618 1356 1032 1435 sustentatam
1105 1359 1289 1434 ambulavit
1307 1360 1440 1434 aeaut
1459 1383 1533 1434 cum
1549 1359 1616 1434 Deo
1634 1377 1811 1461 postquam
1828 1365 1959 1460 pexuit,

169 1495 253 1546 vero
278 1469 456 1548 lectionem
478 1473 694 1549 restituerant
717 1473 920 1572 gregoriam.
945 1475 1030 1548 Nam
1106 1473 1233 1573 quibus
1252 1473 1501 1576 adstipulantur
1517 1475 1618 1550 codd.
1634 1475 1675 1566 A,
1691 1476 1735 1563 Η,
1752 1474 1794 1564 Ν,
1809 1501 1850 1550 ac
1866 1501 1963 1576 praa·

171 1587 288 1662 Sixtns
305 1587 345 1673 V,
370 1588 620 1688 praetermissis
643 1587 757 1664 verbis
778 1589 824 1662 ot
848 1589 1032 1666 ambulavit
1106 1603 1197 1662 terea
1216 1589 1384 1664 hebraeus
1406 1606 1533 1678 textus,
1549 1606 1583 1665 et
1597 1605 1728 1666 veteres
1748 1591 1958 1690 interpretes.

172 1702 309 1776 Homocb
332 1729 406 1776 cum
428 1705 516 1790 Deo,
536 1703 619 1804 legit
643 1721 772 1780 tantum
790 1705 839 1780 Et
855 1705 1031 1780 uicit'He-
1106 1703 1145 1780 la
1163 1719 1255 1778 tanta
1268 1704 1447 1780 latinomm
1464 1705 1565 1780 cedd.
1581 1705 1810 1805 discrepantia
1824 1705 1964 1780 difficile

172 1816 258 1888 moab
279 1831 457 1918 postquam
476 1820 601 1916 patruit.
626 1817 856 1920 Bukentopius
882 1847 918 1920 p.
944 1821 1027 1894 ddi.
1101 1833 1159 1894 est
1174 1819 1306 1920 aliquid
1323 1821 1482 1910 delinire,
1499 1822 1697 1921 praesertim
1713 1845 1790 1896 cum
1807 1820 1873 1896 boc
1890 1820 1964 1895 loon

172 1931 310 2006 censuit
326 1958 388 2031 per
403 1957 530 2006 meram
547 1929 751 2034 typographi
768 1934 978 2009 oscitantiam
995 1934 1030 2008 in
1107 1933 1244 2006 omnino
1261 1932 1473 2010 desideretur
1487 1933 1610 2010 veteris
1626 1935 1728 2010 italae
1743 1933 1853 2010 lectio.
1873 1936 1964 2010 Atta·

164 2045 298 2120 sixtina
315 2047 464 2124 editione
479 2047 584 2122 verba
603 2047 663 2122 illa
683 2048 868 2138 excidisse,
888 2077 977 2152 qnae
994 2051 1030 2124 in
1106 2072 1184 2120 men
1203 2047 1305 2123 valde
1326 2050 1483 2149 suspicor
1502 2050 1672 2152 duplicem
1692 2051 1846 2126 eiusdem
1867 2048 1962 2152 verbi

163 2159 472 2261 amnibnsVulgati
487 2162 586 2238 libris
599 2163 768 2262 legrmtnr.
785 2164 935 2262 Angelus
949 2164 1032 2240 lloo·
1107 2161 1434 2262 interpretationem,
1462 2181 1521 2239 aut
1550 2165 1836 2264 interpretationis
1860 2164 1963 2240 vesti·

166 2299 207 2350 aa
224 2276 262 2362 1,
279 2279 369 2354 too.
387 2279 555 2380 suspicari
574 2279 709 2355 videtur
727 2281 858 2356 Sixtum
877 2279 1031 2358 consulto
1106 2277 1217 2375 giam,
1233 2279 1409 2377 vulgatum
1425 2281 1503 2356 heic
1517 2281 1689 2356 exhibere.
1706 2281 1840 2354 Etenim
1853 2279 1965 2352 ambra·
2126 2279 2131 2354 ζ

166 2389 290 2466 eadem
307 2393 516 2492 expunxisse
532 2393 599 2469 boc
615 2393 706 2483 loco,
722 2395 806 2494 quia
823 2421 956 2472 rursum
973 2421 1031 2472 oc·
1108 2392 1191 2466 lenit
1204 2394 1360 2492 aumjlleo
1375 2393 1423 2468 nil
1438 2394 1534 2469 aliud
1549 2395 1722 2492 significat
1735 2420 1837 2496 quam
1853 2409 1964 2470 scaete
2126 2419 2132 2474 t

167 2521 315 2580 currant·
333 2506 373 2580 in
400 2507 554 2606 sequenti
577 2507 746 2584 versiculo
771 2511 853 2598 bl.;
881 2525 1028 2587 attamen
1105 2509 1207 2582 vicit.
1231 2507 1320 2584 Hinc
1344 2509 1488 2586 tortasse
1515 2511 1723 2586 vindicanda
1751 2511 1836 2586 soret
1864 2509 1964 2586 lectio

169 2619 328 2720 pluribus
346 2621 578 2698 demonstrare
594 2623 713 2698 nititur
730 2649 798 2700 nou
816 2625 890 2700 sine
906 2651 1030 2722 magna
1106 2649 1175 2725 qua
1198 2624 1313 2698 Sixtus
1340 2641 1375 2699 et
1399 2625 1514 2700 sixtini
1542 2625 1740 2700 alterutrum
1772 2623 1962 2698 membrum

167 2759 296 2810 caussa
320 2762 343 2810 a
367 2737 461 2812 Mose
486 2738 628 2839 repetita
652 2739 770 2816 inisse.
800 2740 934 2816 Teletos
959 2742 1025 2814 ait:
1107 2755 1353 2838 expunxerunt,
1370 2739 1437 2815 nisi
1451 2740 1617 2816 validiora
1631 2739 1963 2816 aasentdocumcnta

172 2850 243 2922 «ln
266 2865 361 2928 textu
385 2851 488 2948 (sixti
506 2853 568 2948 V.)
592 2852 752 2930 tolluntur
769 2854 873 2931 verba
893 2855 939 2927 b't
959 2881 1030 2928 am
1106 2853 1233 2954 quihus
1248 2853 1575 2931 [claircissement
1590 2855 1724 2930 codices
1740 2853 1877 2928 easdem
1893 2853 1963 2928 sere

174 2993 191 3034 ι
209 2964 339 3040 buloeit
352 2966 486 3040 Hmccb
500 2991 575 3040 mom
590 2968 674 3052 Deo,
690 2993 779 3068 quae
793 2971 931 3046 omnino
948 2985 1029 3045 sunt
1104 2969 1286 3059 variemtss
1311 2969 1555 3068 praeseferunt.
1580 2969 1665 3044 Nam
1691 2968 1818 3044 sixtina
1841 2991 1963 3065 graeca

173 3079 392 3170 salaberta,
412 3098 447 3158 et
466 3081 635 3158 habentur
658 3083 694 3156 in
715 3085 875 3160 omnibus
902 3086 1031 3162 codici·
1099 3083 1162 3159 ad.
1183 3099 1217 3158 et
1241 3082 1380 3184 plurimi
1405 3081 1506 3160 codd.
1529 3109 1606 3158 cum
1635 3083 1792 3174 ciminia,
1815 3081 1963 3167 hebraeo

173 3193 275 3272 »bna
300 3194 489 3286 hebraicis,
509 3199 658 3297 graecis,
677 3225 762 3276 mss.
779 3215 813 3280 et
832 3200 1026 3302 impressis3
1107 3213 1199 3274 textu
1216 3215 1250 3274 et
1265 3198 1407 3298 reliquia
1426 3197 1665 3298 interpretibus
1683 3197 1827 3274 iaciunt:
1845 3219 1963 3271 verum

174 3329 243 3388 aet
257 3311 303 3386 ab
323 3312 472 3412 antiquis
489 3313 683 3390 doctoribus
700 3331 925 3415 exponuntur.
946 3319 1033 3394 Sunt
1107 3313 1175 3387 dun
1190 3313 1233 3386 ds
1247 3312 1367 3411 viginti
1377 3311 1478 3386 codd.
1491 3312 1707 3400 holmeaiani,
1723 3311 1778 3386 ed.
1790 3309 1958 3410 Complut

174 3425 313 3526 sigitur
336 3428 591 3504 restituenda.»
608 3430 773 3506 Restituta
798 3431 901 3529 igitur
922 3432 986 3506 init
1009 3459 1032 3508 a
1106 3443 1140 3504 et
1156 3428 1349 3530 nuperrima
1373 3427 1418 3504 cl.
1439 3426 1630 3502 cardinalis
1647 3426 1746 3515 blaii,
1764 3426 1878 3503 versio
1905 3452 1961 3500 ar-

170 3540 385 3618 clemantinis
399 3559 551 3620 veterum
566 3543 645 3620 edd.
658 3545 775 3634 lectio,
790 3573 893 3646 quam
910 3563 945 3621 et
960 3573 1032 3646 gre·
1107 3569 1207 3618 mena
1222 3560 1257 3618 et
1276 3543 1448 3621 slavonica
1462 3567 1540 3618 cum
1557 3542 1722 3618 hodierna
1738 3541 1794 3616 ed.
1809 3539 1959 3638 vulgati,

171 3658 323 3755 gorioni,
338 3672 376 3732 ut
392 3659 560 3749 dimotus,
576 3659 858 3737 instauraverant.
874 3662 917 3736 At
933 3662 1031 3738 uobis
1106 3673 1285 3760 utramque
1303 3659 1612 3758 interpretationem
1628 3656 1825 3732 admittunt:
1846 3681 1964 3732 acen·
2124 3651 2130 3687 ²

170 3799 236 3848 non
264 3789 399 3850 constat
427 3788 540 3850 utrum
570 3775 724 3864 fortuito,
745 3775 799 3853 vel
824 3775 904 3852 data
927 3801 1032 3879 opera
1099 3786 1160 3848 -tra
1178 3789 1248 3848 tres
1268 3772 1368 3846 codd.
1388 3771 1608 3862 holmeaiani,
1628 3771 1756 3871 quibus
1776 3797 1885 3872 nuper
1905 3795 1965 3846 ac-
2126 3849 2131 3882 τ

171 3915 295 3964 acmen
322 3889 475 3975 uacet,
496 3888 588 3989 quod
610 3905 741 3966 veteres
766 3889 933 3966 iterabant
955 3908 1035 3992 post
1107 3888 1491 3986 muitmdevnlguus
1507 3915 1529 3964 a
1545 3888 1589 3962 cl.
1602 3886 1857 3965 Tischendcrlic
1875 3886 1964 3982 (dlo-

169 4007 280 4089 cinit,
310 4003 577 4080 inclementiae
599 4003 655 4080 ed.
680 4005 853 4082 exciderit.
879 4005 1031 4084 Conlerri
1106 4029 1198 4078 num.
1220 4005 1326 4080 Sacra
1344 4003 1488 4090 inedita,
1511 4005 1644 4102 lipsiae
1668 4002 1778 4085 1857.
1804 4017 1880 4078 tom.
1902 4001 1960 4090 II,

172 4135 287 4194 tamen
308 4135 421 4219 potest
441 4119 518 4194 ced.
535 4119 576 4208 E,
595 4119 630 4194 in
651 4146 719 4220 quo
740 4119 925 4219 singularis
946 4121 1031 4198 baec
1101 4145 1185 4222 paq.
1213 4128 1295 4198 toa.
1306 4126 1338 4213 ),
1360 4118 1477 4218 legunt
1500 4135 1629 4194 tantum
1650 4118 1959 4202 cremauerunt,

171 4251 222 4311 est
242 4233 344 4310 lectio
362 4234 407 4308 Et
420 4234 605 4310 orubulooit
621 4235 754 4310 lleuoob
770 4264 844 4311 aum
860 4239 927 4312 Ileo
943 4251 1032 4338 post·
1106 4234 1156 4309 uti
1177 4233 1282 4310 habet
1296 4232 1457 4334 Vulgatus
1478 4233 1515 4306 in
1534 4231 1590 4306 ed.
1606 4231 1691 4306 Sixti
1707 4232 1746 4306 V.

163 4377 273 4452 quom
289 4352 404 4451 pmuit
418 4351 645 4426 Motbmalom
659 4351 748 4426 eicit
765 4367 828 4426 etc.
845 4353 933 4428 Huic
949 4352 1027 4428 lect.
1154 4351 1216 4427 23.
1237 4376 1311 4422 cum
1329 4348 1545 4424 Dm-God.
1562 4348 1588 4420 B
1607 4375 1680 4422 cum
1704 4347 1861 4432 domium·
1881 4345 1961 4418 item

171 4465 377 4567 adstipulari
394 4465 528 4541 videtur
543 4465 634 4541 Beda
651 4467 701 4554 11,
718 4469 796 4556 80.;
812 4482 940 4546 atvero
958 4493 1032 4568 per·
1105 4463 1166 4542 alii
1178 4463 1270 4564 apud
1278 4463 1439 4540 Thomas.
1453 4463 1480 4553 1,
1495 4466 1546 4550 3.,
1559 4477 1593 4537 et
1600 4460 1726 4536 Enseb.
1738 4485 1795 4560 ap.
1807 4459 1958 4533 Holmes.

171 4579 354 4680 pendenda
373 4595 453 4656 sunt
469 4607 510 4654 aa
527 4605 617 4681 quae
633 4580 759 4654 ibidem
775 4579 908 4656 subdit:
927 4585 1031 4658 «Non
1157 4578 1244 4653 lbid.
1265 4576 1567 4677 appatuit—-Cod
1583 4577 1616 4648 bl
1632 4591 1742 4650 notat:
1759 4573 1962 4648 odebraeus

175 4694 513 4770 »autemitadiotum
524 4695 671 4795 estquia
684 4711 761 4796 post
773 4711 888 4772 natum
898 4697 1032 4772 blathu-
1109 4723 1210 4772 anon
1228 4694 1331 4771 babet
1349 4695 1548 4794 apponit.»
1565 4692 1608 4766 At
1623 4691 1659 4764 in
1677 4690 1752 4767 cod.
1769 4691 1797 4764 N
1818 4689 1959 4789 legitur:

171 4809 314 4886 »salem
334 4809 557 4886 ambulaverit
575 4810 693 4886 Enoch
714 4835 791 4886 cum
809 4812 881 4886 Deo
902 4826 1032 4888 trecen·
1110 4813 1216 4888 «Non
1241 4825 1294 4888 est
1319 4809 1409 4886 bona
1433 4807 1550 4884 notula
1572 4832 1661 4907 quae
1686 4807 1769 4882 dicit
1789 4806 1881 4907 quod
1901 4805 1963 4879 he-

172 4923 385 5012 saissonis,
406 4926 505 5026 quasi
519 4951 587 5000 non
601 4925 703 5001 etiam
724 4942 802 5001 ante
825 4926 1031 5003 nativitatem
1110 4925 1268 5002 ebraeus
1292 4951 1360 5000 non
1380 4924 1483 5000 babet
1502 4926 1675 5024 apponam
1696 4921 1800 4996 babet
1820 4921 1910 5000 enim
1932 4936 1964 4994 et

172 5073 191 5112 ι
206 5043 285 5118 eius
301 5041 428 5116 divinis
442 5041 721 5144 obtemperaverit
738 5042 867 5132 inssis;
887 5042 949 5120 sed
967 5042 1032 5116 hac
1109 5065 1209 5114 n-ooo
1228 5041 1311 5140 suit,
1330 5039 1488 5113 videlicet
1507 5065 1621 5137 super,
1641 5040 1731 5117 siout
1752 5036 1834 5111 Gen.
1854 5036 1959 5120 Xbll,

172 5188 190 5227 ι
206 5156 320 5258 potius
339 5156 506 5232 sententia
525 5155 725 5258 simpliciter
747 5157 933 5246 indicatur,
950 5155 1033 5258 quia
1110 5184 1130 5225 ιι
1145 5156 1206 5228 13.
1233 5157 1292 5227 36.
1316 5154 1420 5231 ΕοοΙί.
1444 5153 1554 5240 XLIV,
1579 5155 1640 5226 20.
1655 5183 1673 5224 ιι
1690 5153 1826 5250 Gregcr.
1847 5166 1960 5225 turen.

171 5295 274 5346 suan
295 5269 442 5371 amplius
462 5293 564 5371 vam
583 5271 745 5348 trecentis
762 5272 862 5346 annis
880 5286 958 5373 post
977 5295 1034 5345 or·
1109 5269 1225 5357 LXXI,
1242 5272 1327 5343 tet.
1343 5269 1427 5367 legit
1447 5269 1641 5368 comparuit.

171 5417 189 5458 ιι
206 5403 279 5462 tum
292 5385 517 5462 blatbuselam
529 5387 566 5464 in
581 5387 647 5464 bac
661 5389 732 5464 vita
749 5390 821 5464 Deo
836 5389 936 5464 bonis
954 5389 1035 5464 acti·
1158 5383 1246 5457 lbid.
1263 5385 1341 5458 tulit
1357 5411 1431 5458 eum
1443 5381 1688 5458 Deus-Codd.
1700 5382 1738 5469 B,
1756 5381 1783 5454 G
1798 5382 1876 5455 tulit
1891 5407 1964 5455 cam

173 5501 272 5576 »bus
296 5503 462 5578 servierit.
478 5533 497 5574 ιι
511 5504 594 5578 Imm
614 5501 825 5604 Frenulphns
842 5503 929 5593 cvl,
947 5505 1031 5580 336.
1110 5501 1281 5576 Dominae.
1303 5498 1386 5574 God.
1410 5499 1431 5569 S
1453 5498 1530 5574 tulit
1552 5498 1649 5570 illum
1672 5496 1842 5570 Dominus.
1864 5497 1960 5570 Brea.

167 5617 431 5695 animadvertit:
448 5617 592 5694 «Enoch
611 5617 731 5717 genuit
746 5617 986 5707 Mathusalam,
1003 5633 1037 5693 et
1109 5613 1210 5690 Goth.
1230 5614 1255 5686 l.
1275 5639 1325 5703 c.,
1343 5612 1473 5688 liuban.
1494 5611 1533 5700 V,
1555 5611 1614 5685 33.
1639 5610 1716 5684 tulit
1739 5610 1835 5683 illum
1858 5609 1960 5707 Deua.

167 5763 191 5804 ιι
208 5731 399 5834 posthaec
424 5759 533 5810 anuos
560 5747 726 5808 trecentos
754 5731 939 5808 ambulavit
956 5757 1034 5810 cum
1111 5729 1247 5827 Gregor.
1270 5744 1379 5804 aaron.
1401 5726 1425 5800 l.
1447 5753 1477 5800 o.
1501 5728 1591 5802 Deos
1617 5726 1694 5803 tulit
1717 5752 1801 5802 cum.
1826 5727 1909 5804 eod.
1935 5727 1963 5801 Ε

174 5845 1033 5938 »oscamsaevienn.cx1111,tt.«anoch
1109 5845 1249 5921 abstulit
1267 5871 1340 5923 aum
1359 5845 1458 5919 baur.
1579 5867 1581 5872 ·
