4750 6694
359 653 414 726 ’18
1058 643 1351 726 eusebonas.
1377 645 1464 724 titt.

366 800 501 876 Gessnii
526 800 684 872 Tleocur.
699 805 845 896 petes.
859 795 904 873 dt
921 795 1084 894 vulgatus
1107 811 1221 878 noster
1297 795 1474 897 inquinant
1485 795 1842 898 utrum‘llieronymns
1855 795 2153 893 boeloeogruauc·

368 915 458 990 banc
480 917 591 1016 ipsum
603 951 607 958 ·
617 912 809 988 hebraicam
827 937 950 990 uocem
967 913 1091 992 drorot
1102 937 1221 999 ,serva-
1296 937 1371 991 rum
1386 913 1501 1012 potius
1513 927 1617 1011 quam
1628 911 1861 988 hebraicorum
1873 911 2029 991 codicum
2047 909 2151 1000 iidem

365 1032 415 1104 vit
435 1031 477 1105 ad
499 1032 567 1104 lsa.
582 1029 742 1115 mvn,
761 1031 871 1104 38.'et
892 1028 1010 1108 lerem.
1028 1028 1086 1114 bl,
1100 1016 1161 1100 st.

415 1151 449 1219 b.
470 1145 593 1219 droiiac
609 1147 699 1219 euim
717 1170 881 1218 mortue—-
893 1144 956 1220 Pro
979 1146 1089 1229 mim„
1102 1143 1221 1241 legunt

364 1277 472 1336 nutem
484 1259 585 1336 codd.
609 1261 686 1334 bt.
708 1258 882 1338 Hebraeus
896 1257 1054 1335 ercbatd.
1096 1259 1220 1337 artion-

364 1378 431 1452 lam
448 1377 617 1452 emittunt.
639 1377 690 1448 Ex
705 1375 837 1470 graecis
849 1374 908 1448 elii
924 1373 1054 1454 babent
1072 1285 1112 1444 dl
1130 1431 1138 1461 ,
1158 1372 1218 1456 alii

363 1475 443 1564 zui.
460 1491 614 1565 Isidorus
634 1489 726 1589 hisp.
752 1489 822 1576 Vll,-
848 1490 883 1564 9..
911 1505 945 1566 et
961 1503 1220 1586 auetorenony·

364 1605 544 1683 mus-libri
564 1605 603 1678 de
620 1619 767 1703 compute
784 1603 934 1689 mlx,
964 1604 1073 1676 1303.
1103 1600 1219 1698 legunt

362 1723 531 1797 undecimo
548 1737 657 1794 autem
671 1746 799 1805 nuncu
819 1719 899 1794 item
920 1717 979 1792 alii
998 1717 1112 1818 plures
1126 1717 1218 1817 apud

363 1834 797 1912 HolmesiumetSabatier.

412 1952 499 2026 lbid.
515 1954 629 2050 primu
647 1949 872 2027 ‹tie—codd.
896 1949 945 2035 D,
970 1947 1021 2035 E,
1042 1946 1131 2032 Bibl.
1155 1946 1219 2023 Or-

364 2069 451 2156 din.,
468 2066 525 2140 all.
539 2068 649 2165 primo
666 2065 732 2142 die.
931 2142 934 2148 ,

414 2188 448 2256 e.
470 2182 652 2256 dimetr-
661 2181 796 2256 nahem
816 2182 923 2254 emisit
942 2179 1045 2254 codd.
1061 2179 1100 2268 G,
1118 2181 1159 2254 rt·
1172 2181 1214 2264 *,

365 2300 410 2387 ll,
430 2298 466 2385 S,
490 2297 687 2396 Hieronym.
704 2295 729 2367 l.
746 2321 777 2369 c.
794 2295 970 2381 llnbanus,
993 2293 1214 2391 Angelomus,

362 2415 464 2513 Ilugo
493 2412 734 2498 desiliet,
763 2413 879 2486 Petrus
910 2410 1003 2485 Com.
1033 2408 1214 2496 cxcvttt,

257 2542 270 2570 ⁸
364 2532 491 2616 1085.;
512 2527 632 2604 cod-E
653 2525 734 2624 legit
753 2525 953 2624 dimisitque.
1074 2605 1077 2612 ¹

410 2647 446 2716 1.
475 2657 505 2716 et
521 2667 585 2716 cert
605 2639 1126 2727 revertebatur-Cum'sixtini,
1141 2653 1213 2712 tum

361 2758 552 2858 gregoriani
575 2773 778 2833 correctores
801 2754 1217 2855 ancipitesbaeseruutan

360 2872 689 2974 expungendaesset
701 2869 965 2970 particularem
992 2893 1108 2944 verum
1121 2883 1217 2958 retu-

361 2987 514 3064 stissima
527 2986 659 3092 lectica
672 2985 802 3093 poecis
817 2985 967 3072 inducta,
983 3000 1085 3085 atque
1104 3009 1125 3056 a
1141 2983 1218 3057 lati-

355 3103 418 3176 uis
434 3102 536 3176 etiam
556 3100 826 3201 patribussaepe
837 3114 1000 3198 usurpata
1013 3097 1212 3198 praevaluit.

1296 1043 1434 1104 secutus
1448 1027 1510 1100 sit:
1527 1027 1701 1126 quaeritur
1713 1047 1834 1127 nempe
1847 1053 1889 1107 an
1903 1053 1943 1114 ex
1952 1025 2057 1114 veteri
2070 1022 2152 1100 itala

1297 1141 1516 1242 potiusquam
1534 1163 1575 1215 ex
1593 1141 1852 1242 hieronymiana
1863 1140 2018 1216 versione
2034 1161 2152 1213 mana·

1295 1258 1384 1332 serit
1406 1257 1572 1332 hodierna
1594 1257 1705 1340 lectio.
1735 1258 1807 1354 ligo
1828 1256 1987 1357 quidem,
2008 1281 2045 1329 re
2060 1253 2150 1328 bene

1297 1399 1464 1474 perpensa
1476 1430 1484 1463 ,
1498 1374 1556 1448 vix
1576 1373 1693 1450 dubito
1706 1374 1954 1474 'Hieronymum
1972 1371 2049 1446 heic
2067 1394 2150 1470 quo-

1295 1514 1363 1589 que
1377 1511 1514 1564 suerum
1541 1503 1667 1565 textum
1685 1505 1839 1564 secutum
1857 1487 1975 1563 luisse.
2005 1486 2068 1565 Pro
2085 1484 2150 1580 bac

1296 1603 1385 1678 enim
1400 1603 1567 1678 sententia
1579 1603 1708 1680 laeiuut
1724 1602 1918 1701 gravissimi
1931 1617 2034 1692 toetes
2046 1597 2149 1675 codd:

1294 1716 2053 1808 111111.ω.,Ε,Η,11,,,Ν*1..ω.,.Ο;
2071 1715 2145 1792 cod.

1295 1832 1492 1910 Corbeicns.
1505 1835 1597 1934 apud
1606 1836 1848 1909 Martianaeum
1856 1833 1942 1930 legit
1953 1848 1984 1906 et
1992 1830 2149 1930 reqrcdie

1293 1947 1413 2035 betam
1433 1948 1559 2022 cod-ll
1571 1950 1732 2024 adnotat:
1756 1947 1938 2034 «Quidam
1951 1945 2152 2020 codd.·anti·

1297 2064 1390 2163 »qui
1415 2064 1543 2138 babent
1558 2079 1589 2138 et
1606 2064 1849 2152 recumberem
1876 2062 1967 2137 unde
1989 2062 2026 2134 in
2050 2059 2148 2134 hebr.

1295 2179 1474 2256 obabetur
1494 2196 1525 2254 et
1545 2196 1733 2268 revertam
1758 2203 1859 2279 quam
1877 2176 2027 2272 ,litteram
2047 2176 2150 2250 etiam

1296 2297 1467 2397 »exponit
1487 2295 1690 2370 Andreas.»
1716 2294 1768 2368 et.
1792 2294 1931 2370 Hieron.
1956 2291 1981 2364 l.
2005 2319 2038 2368 c.
2063 2291 2151 2366 Huic

1294 2428 1395 2487 notae
1409 2411 1624 2486 consentiunt
1639 2410 1846 2486 Correctoria
1858 2436 1880 2483 a
1891 2407 1988 2482 Rich.
2000 2405 2152 2482 Simonio

1293 2542 1328 2600 et
1343 2525 1444 2614 Gabr.
1465 2525 1619 2600 Fabricio
1636 2524 1785 2598 laudata.
1796 2523 1891 2598 dod.
1912 2524 1953 2612 N,
1975 2547 2052 2596 cum
2066 2521 2147 2596 Cur·

1293 2642 1435 2718 rectorio
1453 2667 1473 2714 a
1490 2642 1580 2714 Luca
1595 2640 1760 2737 brugensi
1773 2639 1809 2712 in
1823 2639 1897 2714 suis
1911 2639 2079 2712 Notation.
2096 2662 2151 2712 ex·

1294 2757 1414 2845 citato,
1435 2757 1519 2830 haec
1537 2755 1661 2830 habet:
1686 2784 1704 2824 r
1719 2753 1915 2828 Certissima
1933 2769 2028 2842 tene,
2055 2750 2147 2854 quod

1295 2897 1392 2960 ¹»nec
1409 2870 1590 2958 hebraeus,
1611 2869 1699 2960 sicut
1716 2867 1798 2944 dicit
1816 2868 2065 2966 Hieronymus,
2085 2891 2149 2942 nec

1295 3015 1313 3057 n
1330 2986 1459 3086 antiqui
1474 2985 1570 3060 latini
1592 2984 1766 3080 (codices)
1778 2983 1910 3057 ⁴babent
1921 3009 2000 3055 noc.
2016 2982 2082 3058 Sed
2096 2996 2148 3058 est

1294 3132 1313 3174 n
1329 3128 1450 3188 sensus
1468 3101 1559 3201 quod
1573 3098 1644 3174 ibat
1656 3115 1690 3174 et
1702 3098 1834 3174 redibat
1844 3115 1939 3174 entra
1952 3124 2066 3174 arcam
2079 3099 2146 3174 cir·

360 3217 473 3293 Dubia
484 3216 662 3315 utriusque
679 3213 955 3313 eongegarionis
970 3213 1117 3312 produnt
1129 3239 1167 3288 se
1179 3239 1217 3286 se
1289 3248 1313 3296 n
1327 3217 1499 3312 ouiendo,
1529 3233 1563 3289 et
1587 3232 1727 3314 propter
1751 3214 1819 3291 hoc
1847 3213 1955 3312 utitur,
1981 3214 2147 3314 interpres

360 3333 398 3407 in
417 3329 660 3431 superstitibus
676 3329 908 3416 documentis,
937 3354 1060 3427 nempe
1080 3329 1115 3418 in
1137 3326 1214 3402 cod.

360 3447 538 3524 Cnruliarm
550 3462 584 3520 et
598 3443 819 3542 inlngelieo.
839 3444 922 3518 llem
943 3442 1078 3519 abunde
1098 3441 1218 3517 confir·

360 3579 433 3640 met
452 3564 539 3661 Aug.
564 3564 680 3642 llucea
696 3561 733 3632 in
754 3559 855 3644 editis
876 3555 1150 3648 macedonibus
1176 3559 1212 3647 l,

361 3681 445 3752 285.
461 3678 521 3752 ubi
535 3677 601 3752 ait:
625 3677 731 3750 alluo
745 3676 788 3749 de
801 3701 837 3748 re
850 3676 938 3762 inter
948 3674 1074 3748 multos
1087 3689 1120 3747 et
1140 3700 1216 3748 eru-

362 3823 381 3864 a
397 3791 487 3868 ditos
514 3792 653 3893 quidam
668 3791 781 3878 viros,
807 3789 872 3863 bec
887 3806 941 3866 est
959 3815 1078 3864 sacrae
1097 3788 1220 3863 biblio-

362 3937 380 3980 n
397 3935 473 3982 nrm
487 3906 764 4006 C'cngregationis
782 3905 991 3980 consultores
1005 3905 1048 3978 ob
1065 3904 1217 3978 diversas

362 4042 430 4100 set
447 4026 534 4099 inter
550 4049 588 4097 se
605 4038 795 4122 pugnantes
819 4021 981 4095 lectiones
1000 4021 1129 4093 iamdiu
1146 4020 1218 4094 dis-

360 4171 378 4212 a
394 4155 549 4241 putatum
567 4153 639 4212 est:
658 4167 676 4210 n
697 4135 802 4211 Toleti
816 4152 929 4211 notam
942 4134 1109 4208 habemus
1122 4135 1218 4208 bisce

358 4255 472 4332 verbis
494 4269 712 4354 conceptam:
737 4251 940 4339 «Hebraea,
963 4251 1109 4352 compl,
1133 4253 1214 4349 fleg.

360 4388 428 4448 not
443 4370 613 4472 quaedam
632 4391 716 4442 mss.
734 4393 803 4442 non
816 4366 934 4465 legunt
946 4365 1146 4466 particulam
1159 4391 1219 4440 ne-

360 4488 554 4585 »gativum
585 4486 628 4557 At
653 4483 774 4571 Lxx„
804 4481 927 4558 Ordin.
954 4498 988 4556 et
1012 4481 1082 4554 lere
1099 4507 1216 4556 omnes

359 4600 494 4676 nocdd.
523 4598 681 4699 impressi
706 4598 834 4695 legunt.
864 4599 994 4673 Sensus
1020 4597 1109 4670 idem
1137 4612 1213 4684 est;

359 4739 473 4788 »num
491 4713 574 4814 quia
590 4737 712 4788 corvus
729 4737 798 4786 non
815 4713 992 4810 ingressus
1010 4728 1063 4786 est
1078 4737 1212 4800 arcam,

359 4861 377 4902 a
394 4829 523 4904 dicitur
548 4853 615 4904 uon
640 4853 717 4902 esse
734 4852 889 4902 reversus
906 4855 913 4900 :
934 4841 969 4900 at
985 4828 1066 4927 quia
1081 4825 1219 4901 volabat

358 4946 462 5020 »hue
480 4944 576 5032 illuc,
597 4960 631 5018 et
647 4969 767 5018 versus
785 4969 911 5032 meam,
933 4960 966 5018 et
983 4945 1027 5018 ab
1044 4970 1143 5032 arcu,
1164 4944 1217 5019 di-

359 5077 471 5137 netus
499 5076 552 5134 est
580 5085 750 5134 reversus.
785 5059 1009 5158 Congregatio-
1033 5061 1114 5158 legit
1139 5087 1216 5134 cum

359 5208 377 5248 n
393 5201 515 5276 graeco
530 5190 651 5250 etcum
666 5174 823 5276 plurimis
837 5174 1088 5274 exemplaribus
1101 5176 1215 5250 latinis
1228 5235 1229 5240 ,

358 5319 458 5366 »coa
478 5290 712 5364 revertebatur.
729 5290 811 5364 Cum
836 5291 993 5389 negativa
1013 5291 1094 5390 legit
1113 5292 1214 5366 etiam

358 5407 573 5508 »Angustia
601 5421 698 5480 trost.
728 5406 963 5492 V1.tn10t.‚
988 5422 1019 5480 ct
1046 5407 1103 5480 tib.
1130 5406 1210 5480 XII.

358 5539 495 5600 »rocta
517 5521 633 5598 Ferret.
655 5549 684 5596 c.
705 5530 785 5607 110,
806 5537 840 5596 et
861 5521 896 5595 in
921 5537 1047 5622 quaest.
1068 5524 1104 5594 ic
1130 5523 1209 5596 Gerr.

358 5671 376 5714 n
393 5665 422 5715 o.
437 5639 555 5728 Xlll.,·
570 5639 727 5714 Ambros.
745 5637 856 5712 libolo
868 5637 982 5714 Nocet
997 5664 1119 5711 ureae.
1135 5638 1210 5723 17,

358 5755 570 5856 »Chrysost
588 5757 673 5830 lucrm
695 5753 818 5830 XXVI.
839 5756 876 5828 r'rt
900 5754 997 5841 Gen,
1017 5754 1155 5830 Hieron.
1178 5753 1213 5828 in

1290 3363 1315 3404 ‚n
1329 3332 1507 3434 praeterito
1525 3358 1592 3428 non
1606 3329 1765 3430 perlecto,
1781 3329 1848 3406 sed
1866 3329 2082 3428 imperfecto:
2104 3328 2148 3400 li·

1295 3463 1382 3526 acet
1397 3471 1542 3544 graecus,
1556 3445 1692 3532 babeat,
1713 3459 1796 3545 puto
1812 3444 1855 3518 de
1872 3443 1968 3542 Lxx.
1985 3473 2000 3534 ;·
2015 3444 2077 3520 sed
2093 3468 2149 3518 se-

1295 3561 1457 3662 uquendi
1475 3576 1555 3638 sunt
1570 3559 1710 3637 hebraei
1723 3574 1791 3656 ,Uet
1817 3559 1949 3658 antiqui
1967 3557 2067 3637 latini
2082 3616 2092 3646 ,
2115 3575 2149 3634 ot

1291 3708 1315 3777 A»
1331 3679 1609 3778 Hieronymus.»
1632 3673 1767 3752 codo
1793 3673 2031 3749 animadvertit
2055 3700 2151 3774 grae-

1287 3794 1359 3868 ·eos'
1372 3792 1486 3890 legere
1508 3817 1592 3874 cort,
1614 3805 1649 3863 et
1667 3788 1801 3880 subdit:
1817 3790 1919 3886 «Hoc
1944 3789 2074 3890 antiqui
2100 3788 2152 3864 ln-

1297 3906 1393 4010 ntiui
1421 3933 1488 3980 uon
1513 3905 1653 4004 habent.
1667 3905 1767 3980 blodo
1792 3932 1822 3979 a.
1839 3903 2058 3979 tumulatione
2082 3930 2150 4004 qua

1297 4023 1437 4095 »utitur
1462 4021 1671 4120 Augustinus
1697 4018 1835 4094 inolevit
1858 4035 1895 4092 ut
1920 4020 2052 4095 dicatur
2077 4044 2154 4094 eor—

1296 4165 1394 4212 nrus
1414 4137 1457 4211 ad
1479 4163 1592 4212 arcam
1613 4161 1680 4210 uon
1706 4136 1848 4210 redisse.
1864 4166 1882 4206 n
1898 4136 2061 4233 llogerius
2083 4136 2151 4210 Ba·

1295 4278 1402 4328 eonus
1422 4254 1533 4352 (Opus
1546 4253 1676 4338 Maius,
1691 4252 1743 4324 ed.
1761 4251 1867 4348 ¹lond.
1887 4252 1999 4326 1735.
2013 4279 2052 4350 p.
2068 4258 2150 4346 50.)

1294 4394 1452 4444 asserens
1470 4393 1587 4444 omnes
1608 4367 1748 4442 iudaeos
1769 4383 1803 4443 et
1821 4393 1939 4443 omnes
1956 4367 2088 4466 priscos
2105 4367 2152 4441 la·

1293 4486 1382 4560 tinos
1409 4485 1509 4562 codd.
1529 4485 1653 4559 habere
1670 4485 1874 4582 ¹senteutiam
1898 4483 2146 4570 affirmantem,

1293 4600 1416 4674 acriter
1444 4599 1614 4673 invehitur
1637 4600 1672 4673 in
1687 4598 1796 4700 illos,
1826 4599 1885 4699 qui
1911 4597 2048 4676 exalia
2075 4623 2150 4672 ver-

1293 4715 1389 4790 sione
1419 4714 1494 4789 ausi
1527 4730 1607 4788 sunt
1635 4713 1757 4790 inferre
1789 4713 1992 4815 particulam
2022 4713 2149 4814 negati-

1291 4858 1391 4921 vam,
1417 4849 1519 4934 atque
1544 4847 1659 4908 nestra
1683 4831 1891 4931 exemplaria
1920 4857 2145 4932 cummopere.

1293 4947 1390 5024 Ccnl.
1412 4949 1546 5024 Hodius
1570 4949 1610 5022 de
1637 4962 1718 5022 teet.
1739 4949 1896 5048 oriqincl.
1916 4975 1955 5046 p.
1978 4947 2066 5026 42⁷.
2087 4949 2152 5024 His

1292 5065 1458 5140 accedunt
1485 5064 1572 5138 bibl.
1600 5064 1756 5165 Compi,
1783 5065 1888 5162 trag„
1915 5063 2000 5139 Rob.
2028 5065 2146 5165 Steplt.

1293 5183 1419 5268 1532,
1435 5179 1681 5278 tugalost,
1697 5178 1773 5268 all,
1788 5180 2031 5280 blissblozp.
2047 5182 2146 5266 tte,

1291 5296 1382 5371 Beda
1407 5295 1735 5392 ll,10ll(utolrbi
1759 5321 1836 5370 cum
1862 5293 1958 5394 vulg.
1983 5295 2034 5368 uti
2058 5294 2151 5370 dieo-

1291 5416 1405 5508 mus).
1426 5413 1543 5513 Neque
1565 5428 1676 5486 mmen
1696 5415 1821 5486 desunt
1840 5410 2044 5486 documenta
2061 5437 2154 5511 qnae

1290 5527 1428 5602 alteram
1464 5529 1664 5604 sententiam
1699 5527 1821 5602 fulcire
1851 5527 2039 5614 videntur,
2067 5553 2145 5600 nam

1291 5668 1368 5717 eum
1402 5642 1543 5742 Vulgata
1581 5643 1734 5730 faciunt,
1763 5658 1896 5743 praeter
1928 5667 2088 5741 graeemn
2117 5659 2151 5716 et

1289 5775 1401 5859 putres
1436 5786 1457 5833 a
1490 5759 1676 5834 Sebatierio
1705 5758 1882 5845 laudatos,
1909 5757 2008 5834 codd.
2045 5757 2153 5846 c,1>

358 5869 527 5944 »Tradit
546 5871 667 5946 loir.»
682 5870 726 5944 lt
750 5871 806 5946 bic
831 5899 897 5948 non
919 5885 972 5947 est
992 5871 1148 5972 quaestio
1168 5871 1213 5945 de
1290 5876 1324 5948 2.
1341 5900 1404 5960 m,
1425 5875 1461 5963 F,
1483 5874 1521 5964 G,
1541 5877 1596 5948 tt*
1615 5877 1649 5948 1.
1671 5876 1788 5964 m.,ll,
1809 5877 1844 5964 S,
1866 5874 1965 5950 codd.
1983 5873 2148 5950 Thomas.

357 6011 463 6062 sensu
483 5982 662 6086 utriusque
682 5986 759 6062 lect.
776 5987 1004 6078 conciliando;
1021 5988 1082 6064 sed
1104 5988 1210 6064 critici
1288 5990 1365 6079 l.c.,
1377 5989 1597 6068 edd.veteres
1610 6016 1860 6092 paeneomrtes,
1873 5991 2071 6092 Anonymus
2086 6015 2153 6064 au·
