4830 6678
907 491 1223 575 remeassem
1864 493 1973 568 cxxv

965 685 1004 785 s.
1030 679 1177 763 xxm.

291 831 577 928 Conclusicnis
597 839 679 921 loeo
695 839 885 922 sobrietas
905 833 949 920 in
970 841 1189 924 iudicando
1208 844 1255 922 de
1275 841 1636 952 Congregationuue
1658 843 1859 924 laboribus

569 961 773 1052 suadetur·
799 963 1127 1088 Ord0.sequentis
1149 986 1308 1048 nostine
1325 967 1573 1048 collationis.

278 1143 467 1223 Omnium
497 1143 707 1250 bucusque
725 1139 927 1222 dictorum
952 1159 1150 1249 postrema
1168 1144 1369 1224 conclusio
1393 1144 1465 1242 sit;
1488 1143 1635 1223 nemini
1658 1143 1776 1223 licere
1798 1141 1972 1223 iudicare

171 1267 222 1350 de
248 1267 443 1351 industria
470 1263 759 1374 laboribusque
786 1267 996 1374 utriusque
1015 1264 1360 1374 Congregaticnis,
1381 1265 1514 1374 deque
1541 1268 1695 1345 ratione
1714 1263 1850 1344 iisdem
1869 1267 1931 1344 rel
1949 1290 1972 1344 a

169 1390 283 1472 Sixto
298 1391 358 1470 V.
384 1392 466 1471 sive
493 1419 515 1470 a
542 1391 738 1497 Gregorio
765 1389 874 1470 XIV.
903 1391 984 1470 sire
1007 1389 1169 1471 tandem
1197 1417 1219 1469 a
1248 1390 1447 1470 Clemente
1472 1387 1580 1466 Vlll.
1609 1390 1873 1495 praescripta,
1901 1390 1971 1495 qui

171 1529 296 1621 prout
321 1511 436 1595 decet
457 1541 541 1594 non
564 1515 786 1594 meminerit
810 1512 929 1611 illud,
951 1513 1063 1621 quod
1087 1514 1373 1620 criticae'leges
1392 1515 1433 1591 in
1452 1511 1679 1592 huiusmodi
1702 1513 1870 1617 negotiis
1888 1512 1973 1591 iure

170 1636 248 1716 sibi
271 1654 454 1743 poscant.
480 1639 635 1716 Etenim
654 1639 927 1744 quaestionem
944 1640 1152 1718 instituere
1174 1635 1378 1745 quomodo
1401 1663 1441 1715 se
1464 1631 1515 1714 ad
1538 1635 1795 1740 originarium
1817 1652 1972 1714 textum

170 1760 403 1840 hebraicum
423 1760 567 1840 habeat
585 1760 705 1840 latina
724 1759 894 1868 Vulgata
910 1749 1118 1842 translatio
1136 1759 1340 1840 emendata
1359 1761 1402 1838 in
1421 1759 1469 1838 iis
1485 1758 1599 1838 libris
1617 1760 1686 1866 qui
1706 1759 1757 1838 ab
1776 1760 1843 1838 illo
1861 1775 1971 1838 textu

169 1882 394 1962 immediate
420 1881 650 1990 profluunt,
679 1884 956 1964 inexcusabilis
982 1901 1040 1964 est
1067 1885 1265 1992 ignaviam
1291 1911 1381 1963 eum
1409 1885 1544 1991 potius
1571 1881 1842 1990 quaerendum
1871 1878 1973 1962 esset

169 2005 378 2114 quomodo
397 2033 447 2086 ex
466 2007 654 2087 hebraico
673 2005 846 2088 defecto
869 2009 1031 2088 verterit
1051 2037 1084 2088 s.
1106 2010 1387 2114 Hieronymus.
1416 2008 1503 2086 Hoc
1526 2035 1641 2101 vero,
1664 2007 1853 2113 qnoniam
1877 2030 1974 2086 non·

169 2130 249 2208 nisi
275 2157 326 2209 ex
352 2131 475 2238 ipsius
502 2131 694 2211 versionis
720 2131 1000 2238 superstitibus
1027 2133 1296 2212 monumentis
1323 2133 1406 2210 erui
1436 2147 1586 2238 p'otest,
1613 2130 1793 2236 quaestio
1821 2129 1886 2208 illa
1914 2155 1971 2209 se·

169 2249 350 2334 cundum
376 2268 529 2332 rectum
555 2252 734 2336 ordinem
762 2253 972 2360 procedet,
997 2280 1160 2335 examen
1189 2254 1461 2348 instituendo,
1490 2253 1685 2360 ecquibus
1713 2279 1809 2360 prae
1834 2255 1973 2332 ceteris

167 2376 439 2455 monumentis
457 2375 555 2456 fides
574 2375 800 2459 adhibenda
820 2379 889 2473 sit,
911 2379 1070 2458 minime
1089 2380 1174 2458 aliis
1192 2377 1440 2459 adminiculis
1461 2377 1668 2483 neglectis,
1689 2402 1862 2484 qnorum
1886 2376 1974 2454 sub

168 2497 274 2578 sidio
299 2497 350 2579 de
372 2528 467 2581 vero
493 2502 793 2600 hieronymiano
816 2518 949 2600 textu,
970 2502 1136 2610 eiusque
1158 2505 1341 2609 genuinis
1363 2502 1601 2582 lectionibus
1622 2497 1812 2579 iudicium
1839 2500 1972 2582 saltent

168 2621 382 2730 probabile
407 2623 571 2702 seratur.
598 2623 638 2702 Si
667 2625 803 2731 itaque
830 2627 1002 2731 partium
1031 2624 1164 2704 studio
1191 2639 1324 2704 amoto
1351 2624 1544 2728 Vulgatae
1570 2621 1855 2702 emendationis
1882 2651 1972 2702 exa·

168 2773 262 2826 men
290 2747 543 2842 instituatur,
570 2749 734 2827 omnino
761 2747 914 2856 patebit
941 2747 1275 2858 Congregationes
1302 2748 1409 2843 illas,
1438 2775 1513 2856 pro
1540 2771 1582 2826 se
1609 2774 1814 2853 quaeque,
1842 2764 1974 2856 partes

166 2897 260 2950 suas
279 2870 322 2948 in
341 2869 568 2950 universum
594 2870 830 2976 explevisse.
856 2872 948 2950 Esse
972 2869 1133 2977 quidem
1154 2870 1266 2979 quod
1289 2887 1452 2950 notetur
1468 2872 1512 2948 in
1531 2870 1685 2948 actibus
1705 2871 1848 2976 prioris
1868 2869 1974 2949 Con·

167 2993 436 3099 gregationis,
466 3019 599 3100 neque
625 2993 722 3072 vitio
751 2993 886 3101 aliquo
914 3020 1046 3074 carere
1072 3013 1159 3074 aeta
1188 2995 1419 3100 posterioris
1448 2993 1621 3073 fatentur
1646 2992 1871 3091 doctiores;
1902 2992 1971 3073 sed

167 3117 330 3196 cuinam
357 3114 612 3223 perfeetionis
638 3120 791 3224 apicem
819 3118 1014 3223 attingere
1040 3118 1145 3197 inter
1166 3119 1347 3198 homines
1369 3119 1503 3216 licuit,
1523 3135 1593 3197 aut
1618 3116 1782 3198 licebit?
1806 3117 1972 3198 Verum-

168 3259 304 3321 tamen
331 3241 410 3324 boe
437 3240 685 3320 manifestum
710 3259 909 3324 estunam
930 3243 1285 3350 Congregationem
1313 3243 1415 3322 viam
1439 3242 1621 3322 stravisse
1647 3241 1780 3335 alteri,
1802 3258 1844 3320 et
1869 3241 1972 3320 hanc

168 3389 210 3444 se
228 3364 402 3444 vicissim
421 3364 568 3472 prioris
584 3364 768 3446 laborum
797 3363 1065 3472 inarapborit
1094 3364 1348 3473 praebuisse,
1364 3368 1418 3444 itu
1442 3382 1488 3444 ut
1509 3363 1621 3472 quod
1643 3363 1834 3470 praestari
1855 3361 1971 3442 semel

166 3484 447 3566 tantummodo
473 3503 543 3566 aut
570 3484 803 3584 difficulter,
824 3508 992 3570 autnon
1011 3491 1177 3570 omnino
1197 3507 1372 3598 poterat,
1394 3490 1571 3597 repetitis
1589 3487 1728 3568 studiis
1748 3487 1899 3566 facilius
1916 3487 1972 3565 es*

167 3609 370 3691 ficeretur.
396 3610 481 3690 Nisi
509 3627 751 3691 correctores
775 3611 910 3694 sixtini
938 3641 1041 3722 opus
1072 3615 1314 3722 coepissent,
1340 3611 1607 3720 edidissetque
1631 3611 1767 3690 Sixtns
1789 3609 1972 3690 anenda»

166 3735 319 3814 tionem
345 3761 479 3828 snam,
510 3735 635 3814 multo
662 3733 828 3818 fortasse
854 3737 1121 3846 imperfectius
1147 3765 1250 3847 opus
1277 3739 1554 3846 gregorianum
1581 3736 1798 3832 extitisset3
1828 3751 1869 3813 et
1895 3734 1972 3813 hcc

165 3859 299 3964 ipsum
327 3857 492 3938 inferius
518 3857 652 3940 adbuc
679 3879 800 3958 esset,
825 3863 858 3942 si
880 3891 903 3942 a
926 3861 1128 3944 Clemente
1152 3862 1259 3942 VIlI.
1281 3889 1354 3970 per
1380 3861 1539 3940 iteratas
1566 3859 1860 3940 observationes
1888 3885 1972 3938 non

163 3981 301 4062 luisset
324 3983 544 4089 expolitum
566 3984 745 4064 ulterius.
771 3987 830 4065 Sit
855 3986 977 4088 igitur
994 3987 1182 4094 sapientis
1201 3986 1323 4064 animi
1346 3981 1460 4091 quod
1481 3999 1631 4062 rectum
1650 3997 1710 4060 est
1727 3980 1969 4074 existimare;

165 4129 302 4212 neque
330 4104 384 4182 ob
412 4103 590 4185 defectus
609 4105 765 4214 aliquos
787 4107 984 4188 innocuos
1005 4109 1234 4215 praesertim
1259 4106 1350 4188 fidei
1376 4133 1614 4212 morumque
1632 4131 1814 4198 caussae,
1835 4102 1972 4210 quales

164 4227 330 4308 fuerunt
355 4244 425 4306 aut
451 4227 509 4306 illi
535 4257 639 4337 quos
666 4257 806 4337 passus
832 4248 891 4312 est
917 4229 1075 4328 Sixtus,
1100 4249 1170 4310 aut
1196 4231 1251 4310 illi
1279 4235 1351 4339 qui
1379 4227 1610 4310 adhucdum
1636 4229 1679 4306 in
1705 4227 1878 4336 Vulgata
1904 4226 1972 4308 dc-
2062 4271 2065 4279 ·

164 4348 492 4457 prehenduntur,
517 4353 716 4460 integrum
743 4381 847 4460 opus
874 4353 1184 4462 intemperanter
1210 4372 1396 4434 excutere
1424 4371 1463 4434 et
1489 4378 1652 4460 carpere
1677 4379 1812 4432 severe
1837 4352 1968 4432 nimis.

164 4474 258 4573 Quo
280 4475 417 4581 itaque
435 4477 716 4583 temperantiae
737 4475 965 4557 huiusmodi
988 4478 1246 4584 imposterum
1269 4494 1513 4570 assuescant,
1535 4477 1607 4583 qui
1628 4473 1679 4556 de
1697 4474 1867 4582 Vulgata
1890 4474 1973 4557 edi-

163 4600 272 4678 tione
297 4597 517 4707 disceptare
534 4601 617 4679 sive
634 4600 805 4680 scribere
822 4599 1123 4707 aggredientur,
1147 4602 1249 4681 hane
1271 4619 1447 4682 nostram
1467 4599 1719 4680 collationem
1738 4599 1973 4679 exhibemus

163 4739 341 4828 quatuor
362 4723 557 4804 columnis
579 4725 917 4831 comprehensam.
942 4725 1123 4826 Quarum
1150 4725 1277 4831 prima
1297 4725 1538 4818 lovaniensis
1558 4739 1691 4804 textus
1712 4723 1900 4804 lectiones
1922 4723 1972 4802 si-

162 4865 239 4928 stet
265 4848 377 4928 iuxta
405 4845 619 4928 editionem
647 4848 934 4956 plantinianam
956 4876 1024 4928 an.
1045 4849 1343 4927 MDLXXXIII.
1364 4849 1762 4956 praestantissimam
1784 4875 1807 4926 a
1829 4845 1972 4927 biblio-

161 4971 330 5079 graphis
358 4970 515 5052 dietam.
547 4973 593 5051 ln
621 4973 743 5054 altera
772 4972 957 5053 columna
984 4972 1297 5080 manuscriptum
1324 4974 1608 5082 correctorium
1635 4971 1833 5077 integrum
1861 4971 1973 5050 exhi-

161 5093 283 5176 betur
314 5095 458 5208 prioris
486 5097 844 5204 Congregaticnis,
874 5123 996 5204 quam
1027 5097 1211 5178 sixtinam
1245 5097 1559 5205 appellavimus;
1590 5097 1668 5178 hoe
1699 5113 1829 5176 autem
1862 5122 1972 5175 nunc

161 5221 337 5326 primum
359 5247 381 5300 e
403 5218 540 5300 codice
565 5247 587 5300 a
611 5221 737 5301 Clerr.
760 5223 882 5328 Regg.
904 5249 937 5300 s.
959 5221 1084 5326 Baulli
1107 5223 1256 5302 Romae
1278 5221 1478 5303 custodito
1500 5222 1631 5301 lucem
1656 5220 1810 5328 aspicit.
1837 5217 1972 5299 Tertia

159 5344 292 5423 varias
317 5343 505 5424 lectiones
532 5344 586 5425 ob
615 5343 751 5426 oeulos
777 5348 894 5456 ponit
915 5346 1082 5427 sixtinae
1108 5345 1294 5426 editionis
1318 5375 1409 5426 eum
1432 5363 1566 5427 nostra
1592 5343 1826 5425 clementina
1853 5342 1972 5422 colla·

160 5631 175 5656 ι
199 5621 265 5664 men
283 5605 320 5664 ab
337 5606 446 5666 illustr.
459 5607 594 5666 Cerdtt.
610 5577 733 5668 inmoto
748 5611 886 5669 columna
902 5612 1029 5669 secenttt
1100 5611 1268 5681 sixtinam
1283 5624 1383 5671 noram
1397 5610 1552 5672 Btbttcrun
1565 5611 1768 5668 emmonem
1782 5605 1925 5666 aeoenbt:
1939 5606 1971 5664 in

161 5718 174 5743 ι
197 5707 300 5750 sumus
311 5693 514 5763 bellarminus,
527 5696 670 5770 egeras,
684 5697 798 5756 Laelius
810 5706 839 5755 et
850 5713 911 5770 ego.
923 5721 935 5748 ι
947 5699 1030 5756 Nem·
1101 5701 1228 5758 animum
1250 5702 1324 5758 enim
1346 5701 1467 5774 prolecto
1488 5699 1548 5774 ipse
1568 5698 1717 5757 induxerat
1737 5693 1969 5770 acquiescendum

158 5797 213 5854 pe,
227 5789 264 5838 ut
279 5795 334 5839 uos
350 5781 465 5855 quidem
483 5785 637 5857 motinus,
651 5788 778 5844 miratae
797 5790 841 5847 ett
856 5786 898 5842 vir
915 5783 1032 5857 doetus,
1084 5783 1233 5861 'valgum
1257 5788 1376 5848 sixtinae
1396 5787 1534 5858 editioni,
1558 5787 1687 5862 nibthue
1712 5795 1851 5859 praeterea
1878 5785 1970 5842 mclirt

157 5885 190 5926 se
211 5883 310 5928 rursus
325 5875 388 5942 post
406 5879 448 5928 tot
465 5871 621 5932 exrutlstct
635 5873 760 5945 mores,
773 5881 838 5948 port
854 5872 929 5933 edite
943 5872 1032 5932 biblia
1102 5881 1241 5948 oportere.

1755 5974 1776 6015 s
