4748 6680
479 511 549 583 tut

526 673 563 714 11.
581 663 691 728 alligans
705 665 738 714 ad
754 666 830 717 uitem
846 667 943 730 pullum
961 679 1034 718 snum
1045 670 1071 719 et
1081 668 1163 720 cilicio
1175 669 1272 733 pullum
1288 671 1334 721 asi·

477 765 523 802 nce
539 766 606 804 suae.
624 753 729 804 Luserit
742 754 768 804 in
783 755 840 804 uiuo
858 756 948 808 stolam
964 767 1048 819 suam,
1062 760 1088 808 et
1103 757 1128 808 iu
1140 758 1260 821 sanguine
1272 757 1336 809 nbse

476 842 635 892 aunebolinm
652 855 733 894 snum.
753 850 790 895 tt.
804 844 932 907 Fulgentes
946 845 1012 896 oculi
1027 844 1186 908 simonius,
1198 845 1334 898 etcundidi

475 929 561 980 dentes
577 929 631 980 eius
647 932 773 995 tamquam
792 932 838 980 lae.

524 1025 560 1068 tt.
578 1018 687 1069 zabulon
704 1019 771 1069 eirca
790 1032 858 1070 mare
873 1021 1069 1072 commoravilnr
1084 1024 1110 1074 et
1128 1021 1181 1085 lpse
1198 1022 1334 1086 presidium

476 1107 578 1158 navium
596 1109 644 1158 erit
660 1110 685 1159 et
701 1107 817 1160 extendet
834 1123 912 1174 nsque
931 1109 1031 1161 Sidona.

524 1201 562 1249 ti.
578 1198 690 1248 Ινννουον
700 1197 746 1248 bos
757 1200 901 1264 concupivit
911 1201 1067 1264 requiescens
1083 1201 1246 1253 trecenties.
1261 1209 1298 1254 15.
1310 1204 1336 1252 et

475 1288 561 1342 videus
581 1290 691 1354 requiem
708 1303 774 1354 quoe
791 1289 856 1340 bona
873 1292 912 1341 est
930 1293 955 1341 et
972 1292 1063 1340 terram
1080 1289 1163 1355 opdia.
1180 1291 1280 1356 Pinguis
1297 1293 1336 1342 cst

475 1379 606 1444 subposuit
626 1393 739 1430 umerum
761 1393 834 1430 suum
857 1379 890 1429 ad
909 1379 1074 1431 lacerandum
1096 1382 1122 1433 et
1140 1381 1228 1432 iecisse
1248 1394 1275 1431 se
1295 1381 1334 1430 ulr

478 1467 596 1530 agriculo.

523 1566 560 1609 te.
576 1561 631 1608 Dan
643 1558 762 1609 iudicavit
780 1557 875 1622 plebem
891 1571 962 1610 suem
981 1561 1108 1623 tamqnam
1126 1573 1157 1610 ex
1168 1573 1218 1610 nna
1227 1558 1294 1610 tribu
1304 1559 1332 1608 ln

475 1647 578 1697 israhel.
598 1646 732 1697 liuttici
748 1648 802 1695 Dan
819 1646 920 1697 coluber
931 1646 956 1696 in
970 1647 1012 1697 uia
1027 1645 1144 1698 obsidens
1159 1648 1185 1696 in
1203 1647 1331 1710 semitm,

473 1735 589 1786 mordens
607 1735 751 1786 calcaneum
767 1735 834 1798 equi.
852 1737 878 1785 et
891 1733 964 1786 cadet
981 1748 1059 1799 equus
1077 1736 1222 1786 retrorsum.
1243 1741 1279 1786 11.
1291 1737 1333 1786 Sa·

474 1824 550 1874 lutenr
568 1825 700 1887 expectans
715 1836 730 1874 a
747 1823 864 1874 Domino.

523 1921 560 1964 tu.
577 1913 630 1964 (iad
652 1914 814 1965 temtaculurn
832 1914 946 1964 temtauit
963 1926 1030 1964 enm.
1047 1913 1100 1978 lpse
1117 1915 1200 1964 autem
1219 1912 1334 1964 temtavit

473 2017 515 2054 eos
531 2003 668 2054 secuudum
687 2003 770 2067 pedes.

520 2099 559 2144 tu.
577 2097 637 2142 Aser
657 2091 754 2156 pinguls
777 2092 847 2156 punis
865 2091 938 2155 eius,
958 2091 1054 2156 etipse
1073 2091 1143 2143 davit
1162 2103 1244 2143 escam
1263 2092 1330 2156 prin·

474 2182 496 2233 ci
516 2181 579 2233 ibus.

498 2196 559 2312 ptt.
576 2262 699 2326 Neptallm
715 2262 789 2312 arbor
805 2262 1002 2326 repromissionis
1016 2261 1085 2327 quod
1101 2276 1132 2313 es
1148 2261 1258 2313 deiectm
1275 2274 1331 2326 poc·

474 2361 559 2414 regem
577 2349 602 2399 ln
619 2363 707 2414 genere
723 2350 840 2414 speciem.

519 2447 559 2491 11,
576 2441 653 2492 Filius
665 2454 777 2492 crescens
792 2453 863 2492 meua
874 2441 970 2505 loseph.
983 2441 1081 2492 zeletin
1090 2440 1157 2492 illins
1169 2453 1239 2492 mens
1249 2439 1332 2492 iunior

473 2529 505 2579 ad
523 2541 562 2580 me
576 2533 706 2580 νονονῐονο.
724 2537 763 2581 tt.
779 2532 807 2580 ln
826 2543 901 2594 quem
919 2531 1055 2594 cogitantes

521 2617 713 2681 noceremus,
725 2621 750 2669 c
762 2618 914 2670 insidiatum
924 2621 947 2670 u
959 2604 1011 2670 effi
1022 2617 1167 2684 murum.
1183 2624 1222 2670 m.
1234 2621 1333 2671 neon·

477 2705 595 2758 trlbnlate
611 2708 669 2758 snut
681 2719 726 2757 cnr
741 2707 833 2759 uirtute
844 2707 938 2772 sagitte
951 2722 1038 2760 eornm
1052 2711 1078 2759 el
1088 2709 1182 2759 exoluti
1193 2709 1252 2760 suut
1262 2709 1332 2759 nemi

474 2797 632 2848 bmcbiomm
654 2796 764 2860 ipsorum
785 2811 829 2860 per
849 2811 949 2848 manum
971 2799 1083 2862 potentes
1102 2797 1184 2848 iacob.
1207 2797 1268 2848 lnde
1287 2797 1332 2862 qul

471 2889 610 2953 praebeiuit
620 2888 722 2938 lsrsbel.
737 2894 775 2938 25.
789 2900 804 2937 a
816 2869 853 2937 D'd
865 2887 942 2951 patris
955 2885 995 2938 aui
1005 2887 1031 2938 et
1044 2885 1173 2936 adiubavlt
1184 2888 1208 2937 te
1219 2867 1256 2937 Da
1265 2898 1334 2936 meus

471 2980 497 3030 et
515 2977 642 3029 benedicit
661 2979 686 3028 te
703 2975 899 3028 benedictionem
920 2976 982 3026 eseli
1000 2974 1116 3027 desumm
1136 2977 1161 3026 et
1180 2974 1331 3026 benedictio·

472 3080 530 3120 uem
542 3070 622 3119 terrm
636 3066 748 3118 babentia
762 3065 845 3116 omnia
863 3067 965 3130 propter
979 3064 1175 3116 benedictionem
1189 3063 1293 3115 ubuum
1307 3065 1333 3116 et

472 3158 570 3209 vulvae.
583 3155 818 3208 numerosissimis
834 3154 912 3219 patris
925 3153 963 3204 tui
980 3156 1006 3205 et
1021 3154 1108 3207 matris
1123 3155 1182 3205 tuae
1193 3153 1333 3218 praebaluit

471 3259 545 3311 νυμον
565 3244 750 3297 benedictiones
768 3243 891 3294 montium
912 3241 1074 3306 singularium
1092 3241 1118 3293 et
1136 3241 1262 3293 desideria
1278 3241 1331 3292 val·

471 3336 533 3387 lium
548 3336 703 3386 aeternorum
719 3332 783 3383 erint
797 3344 873 3397 super
885 3333 962 3395 capnt
975 3331 1066 3396 losepb
1082 3332 1108 3384 et
1122 3343 1197 3396 νυμον
1213 3331 1330 3382 suumin

475 3435 526 3486 quo
545 3422 651 3487 praetuli
667 3421 781 3472 nauum.

516 3515 556 3563 17.
573 3510 702 3562 ΒουὶνυνΙυ
717 3509 791 3574 1υμυν
808 3521 885 3574 rapax
900 3521 973 3561 mane
986 3507 1148 3560 manducavit
1162 3509 1189 3560 st
1204 3507 1287 3558 adbuc
1299 3506 1332 3559 ad

473 3611 603 3665 υονμονυυν
618 3598 711 3650 diuidit
725 3611 803 3650 escas.

519 3695 559 3741 11.
575 3692 667 3740 omues
682 3689 720 3739 bil
734 3687 770 3738 lili
783 3689 858 3740 iacob
870 3691 934 3740 ·xil·
947 3689 973 3740 et
991 3689 1053 3740 baec
1068 3688 1168 3740 locutus
1183 3687 1222 3738 est
1237 3685 1274 3739 eis
1289 3699 1331 3752 pa·

473 3781 511 3830 ter
529 3790 616 3830 comm
636 3779 663 3830 et
679 3777 807 3830 benedixit
824 3791 868 3829 eos
886 3789 1088 3842 unumquemque
1103 3775 1240 3828 secundum
1260 3773 1331 3826 bene·

474 3867 609 3920 dictionem
627 3879 698 3918 anam
714 3867 842 3919 benedixit
858 3879 909 3917 eoa.
927 3873 966 3917 19.
980 3868 1011 3917 nt
1026 3865 1091 3916 dixit
1105 3864 1152 3916 ela:

522 3959 573 4020 ligo
587 3969 698 4020 apponor
714 3954 748 4006 ad
763 3954 882 4020 populum
899 3967 992 4005 meum.
1009 3953 1114 4018 sepelite
1128 3965 1169 4003 nse
1184 3965 1241 4003 eum
1257 3952 1331 4016 patri·

377 4089 382 4098 .
473 4047 521 4097 bus
536 4047 599 4096 meis
614 4044 641 4094 in
657 4045 775 4108 spelunea
789 4056 853 4107 quae
867 4043 906 4094 est
919 4043 945 4092 iu
962 4055 1021 4106 agro
1037 4041 1136 4106 lipbrou
1152 4041 1231 4092 cette.
1249 4046 1288 4092 tu.
1302 4042 1331 4090 lu

472 4135 591 4201 spelunca
610 4134 725 4199 duplione
749 4145 814 4198 qnae
833 4133 920 4184 eoutm
939 4131 1049 4183 biambre
1069 4130 1096 4181 lu
1118 4131 1183 4181 terra
1202 4129 1328 4182 umnam.

473 4237 549 4288 quen
564 4223 626 4275 emlt
635 4222 759 4274 Abrabam
773 4222 805 4272 ab
821 4220 921 4285 aphrec
933 4220 1037 4272 cettbm
1052 4219 1078 4270 ln
1092 4219 1233 4284 posessiom
1244 4231 1330 4269 moun·

472 4311 560 4364 menti.
575 4318 614 4363 si.
626 4311 664 4362 lbl
680 4309 840 4376 sepellimunt
857 4307 982 4359 abrabam
996 4307 1023 4358 et
1032 4309 1132 4358 δοπουν
1147 4319 1251 4356 uxorem
1262 4306 1330 4365 dus,

473 4393 498 4444 et
514 4391 548 4442 ibi
565 4389 725 4455 sepelllemnt
735 4391 804 4440 isaac
817 4390 843 4440 et
855 4391 991 4440 Dmcccam
1008 4399 1110 4439 uxorem
1123 4385 1185 4436 eius⁸
1202 4385 1228 4436 et
1245 4383 1280 4436 lbi
1293 4397 1330 4436 se·

473 4479 606 4546 pelliemut
615 4479 695 4530 liam
708 4478 734 4528 ln
746 4477 900 4542 posseastom
915 4477 967 4542 agri
980 4478 1006 4528 et
1017 4475 1149 4541 speluncae
1158 4487 1223 4540 quae
1238 4475 1292 4526 erat
1304 4473 1330 4525 in

473 4581 518 4632 eo,
530 4567 599 4632 qnod
614 4567 726 4631 amptum
743 4568 781 4617 est
796 4578 811 4616 a
828 4564 887 4616 liliis
901 4565 974 4616 obet.

522 4663 562 4709 tt.
578 4658 610 4708 ns
627 4655 734 4722 cessarit
753 4653 827 4706 iacob
845 4653 998 4718 praecipiens
1015 4652 1132 4704 omnibus
1150 4651 1208 4704 lillis
1225 4651 1287 4704 suis.
1306 4653 1332 4704 et

473 4745 595 4797 extollens
605 4742 692 4808 'pedes
701 4755 776 4808 supe
791 4742 882 4795 lectum
896 4741 1001 4805 cecus,
1010 4742 1036 4794 et
1046 4739 1174 4808 adpositis
1183 4741 1223 4794 cst
1235 4738 1268 4791 sd
1279 4739 1329 4805 ple·

473 4832 530 4886 bem
546 4843 626 4885 snam

520 5029 582 5094 cap.
593 5033 624 5093 D,
638 5035 660 5081 1.
675 5029 833 5080 astronomi
848 5029 936 5094 loseph
952 5039 1026 5094 νυμον
1040 5027 1129 5081 lactem
1146 5026 1223 5092 paida
1238 5025 1292 5090 sui,
1304 5025 1330 5077 et

475 5117 543 5170 desit
558 5131 629 5182 erm,
641 5119 667 5169 et
683 5117 808 5170 osculatus
822 5118 861 5169 est
875 5129 942 5170 eum.

520 5211 544 5258 1.
561 5205 594 5259 itt
608 5205 733 5271 paecepit
744 5206 831 5270 loaepli
845 5206 929 5270 pueris
942 5205 995 5257 suls
1009 5203 1176 5269 sepultoribus
1187 5205 1216 5255 ut
1229 5203 1329 5267 sepelie-

473 5297 529 5348 rent
543 5296 639 5360 patrem
656 5293 742 5360 ipsius.
759 5302 783 5347 a.
797 5297 823 5346 et
838 5295 996 5360 sepellierunt
1012 5293 1148 5358 sepultores
1164 5292 1266 5346 lsrabel.

520 5385 552 5437 111
570 5384 657 5450 repleti
672 5387 731 5436 sunt
746 5385 801 5436 eius
816 5386 876 5436 τι·
894 5383 956 5435 dies.
973 5382 1010 5434 alc
1024 5382 1090 5433 euim
1107 5380 1331 5434 denumerabantur

472 5473 526 5526 dtas
539 5473 689 5538 sepulturae.
706 5473 733 5524 et
751 5472 817 5524 luxit
832 5483 890 5524 eum
906 5471 1031 5536 aegyptus
1048 5472 1130 5522 dcxx·
1147 5469 1243 5521 diebus.

518 5565 542 5612 a.
561 5563 695 5626 l’oatqm
709 5563 793 5612 cutm
807 5561 960 5612 innuerunt
972 5560 1026 5614 dies
1041 5558 1170 5624 lugubres,
1183 5558 1282 5610 locutus
1292 5559 1330 5609 eat

473 5650 560 5716 lcaepb
575 5649 609 5701 ad
626 5652 739 5715 potentm
753 5651 889 5702 Pharaonis
901 5649 1037 5704 dicesserit
1052 5649 1137 5702 invent
1152 5648 1257 5713 aradam
1272 5649 1330 5700 ante

472 5751 532 5806 νυν,
547 5739 678 5818 loquimini
696 5739 729 5801 ad
745 5753 819 5793 aurea
838 5739 972 5794 i’baraonls
987 5739 1109 5796 111υου1ννι

1457 678 1480 722 5.
1500 673 1572 724 Pater
1588 685 1659 726 υυουν
1675 673 1802 728 adiuraxit
1818 676 2002 730 madiensis
2015 683 2178 734 noum
2200 681 2272 745 quod

1410 759 1913 826 iodimibiipsointarracbauaanlbi
1933 779 1974 818 uae
1991 767 2102 831 sepelies.
2120 771 2272 834 Musam

1410 848 1542 900 ascendam
1560 851 1586 902 et
1602 851 1728 916 νομο1111υν
1743 854 1838 916 putrem
1853 867 1937 906 meum
1953 857 1979 906 et
1995 857 2113 906 revertm

1457 944 1481 986 c.
1498 937 1569 989 Dixit
1588 940 1671 990 summ
1691 941 1787 992 Pharao
1803 941 1909 993 mceude
1927 945 1952 993 et
1970 943 2046 1008 sepeli
2065 946 2162 1008 patrem
2180 947 2270 1008 tuum,

1409 1024 1545 1076 secundnm
1563 1025 1630 1091 quod
1648 1028 1775 1080 adiurasit
1788 1032 1822 1080 te.

1456 1117 1479 1163 7.
1497 1115 1528 1164 Et
1542 1116 1653 1166 ascendit
1663 1118 1752 1182 loseph
1763 1119 1865 1182 sepelire
1875 1121 1969 1183 petrem
1981 1133 2054 1172 auom
2064 1123 2089 1172 et
2100 1121 2270 1173 ascenderunt

1408 1201 1483 1253 simul
1500 1215 1558 1253 cum
1576 1215 1605 1254 eo
1620 1217 1705 1256 omnes
1721 1207 1792 1270 pueri
1810 1207 1947 1258 Pharaonis

1457 1294 1487 1343 lit
1498 1306 1584 1344 omnes
1593 1295 1702 1345 seniores
1713 1294 1803 1346 domus
1817 1296 1885 1359 eins,
1896 1299 1921 1348 et
1933 1311 2020 1349 omnes
2032 1299 2142 1350 emtores
2152 1300 2268 1364 Aegypti.

1408 1384 1432 1428 s.
1451 1381 1481 1428 nt
1498 1381 1550 1430 tota
1571 1379 1661 1431 domus
1679 1383 1778 1445 ioseph,
1795 1385 1822 1433 et
1838 1383 1926 1434 iratres
1945 1384 2012 1446 eins,
2026 1387 2052 1434 et
2067 1397 2155 1435 omnes
2176 1385 2271 1436 domnas

1407 1467 1509 1530 paterna
1524 1467 1586 1519 eius.
1603 1471 1628 1519 et
1640 1470 1812 1532 cognationem
1827 1473 1853 1522 et
1866 1484 1927 1523 ovea
1940 1474 1965 1523 et
1981 1471 2057 1524 boves
2072 1473 2230 1538 rdiqccrunt
2241 1475 2269 1524 iu

1408 1556 1472 1606 terra
1487 1557 1588 1607 Gessen.
1603 1565 1626 1609 9.
1639 1559 1671 1608 nc
1688 1557 1851 1610 ascendemnt
1870 1561 1944 1611 simul
1967 1573 2025 1612 cum
2047 1575 2077 1612 eo
2092 1561 2228 1613 aseliicule
2243 1565 2269 1614 et

1408 1644 1516 1707 equites,
1533 1647 1558 1695 el
1573 1645 1652 1696 iactus
1668 1647 1705 1697 est
1719 1649 1879 1700 commitatus
1894 1661 1996 1713 magnus
2010 1650 2090 1700 ualde.

1456 1739 1493 1784 tu.
1512 1734 1704 1786 benevenerunt
1715 1736 1747 1786 ad
1758 1748 1840 1786 aream
1852 1736 1931 1801 ndat,
1944 1750 1994 1802 qua
2007 1740 2045 1789 est
2059 1741 2129 1789 traua
2143 1739 2268 1792 iordanes

1406 1823 1432 1872 et
1448 1824 1595 1886 planxerunt
1610 1837 1666 1875 eum
1680 1826 1807 1889 planetum
1820 1839 1907 1889 magno
1923 1830 1949 1877 el
1961 1826 2046 1878 rabdo
2059 1828 2232 1880 uehementer.
2244 1833 2270 1880 ct

1406 1910 1464 1960 iecit
1477 1911 1573 1962 luctum
1590 1911 1714 1976 petriano
1728 1913 1815 1964 diebus
1829 1917 1894 1965 uit·
1912 1923 1950 1966 11.
1962 1915 2120 1968 Ε1ν11ονυυ1
2135 1918 2181 1980 qui
2198 1917 2269 1968 babi-

1404 1999 1490 2050 tabant
1501 2000 1526 2050 in
1538 2002 1656 2052 chanaan
1670 2003 1764 2053 luctum
1778 2003 1804 2052 iu
1819 2015 1902 2054 ονοννυ
1915 2005 1993 2068 adst,
2006 2007 2032 2056 et
2041 2004 2173 2056 dixerunt:
2184 2007 2269 2057 luctus

1405 2101 1509 2152 magnus
1520 2091 1559 2140 est
1574 2091 1712 2155 Aegyptiis,
1725 2093 1824 2156 propter
1839 2092 1887 2143 boc
1906 2095 2096 2146 nominaverunt
2110 2107 2205 2147 nomm
2220 2096 2268 2146 loci

1403 2177 1472 2230 illius
1489 2178 1571 2230 luctus
1587 2181 1703 2245 Aegypti,
1720 2182 1787 2245 qnod
1801 2184 1839 2233 est
1854 2185 1923 2234 traua
1939 2183 2069 2236 iordanes.

1452 2276 1490 2321 it.
1508 2272 1539 2320 lit
1553 2268 1663 2321 lecemnt
1680 2270 1728 2321 albi
1743 2272 1780 2322 sic
1792 2271 1827 2321 iili
1845 2271 1936 2336 Ipsius,
1952 2274 1979 2323 et
1990 2274 2141 2338 sepelierum
2155 2287 2217 2326 eum
2232 2277 2268 2327 ibi

1404 2359 1470 2410 sicut
1490 2360 1650 2412 mandaverat
1670 2361 1715 2412 ela.
1738 2369 1775 2413 ιν.
1791 2363 1817 2412 ο1
1834 2363 1983 2426 exceperunt
2003 2364 2073 2414 ilium
2089 2364 2125 2415 1111
2143 2365 2226 2430 1μν1υν
2245 2367 2271 2416 in

1405 2451 1470 2499 terra
1486 2449 1604 2499 Dhsnaan
1620 2450 1645 2500 et
1661 2449 1811 2513 sepelierunt
1820 2463 1877 2500 eum
1893 2451 1918 2501 lu
1933 2452 2049 2515 spelunca
2065 2452 2176 2517 duplici,
2190 2467 2269 2516 quam

1402 2538 1464 2588 emit
1476 2537 1599 2589 abraham
1611 2537 1636 2587 in
1652 2538 1831 2602 possessionem
1847 2540 1999 2590 monummti
2014 2541 2046 2591 ab
2059 2542 2160 2605 prmn
2172 2543 2271 2594 oetaeo

1405 2627 1492 2678 contm
1509 2610 1602 2679 llcffre.

1454 2721 1491 2768 11.
1508 2718 1540 2768 111
1551 2730 1663 2770 resersus
1674 2721 1712 2770 eet
1723 2720 1810 2783 loseph
1822 2719 1847 2768 iu
1859 2721 1980 2784 Aegypto,
1993 2719 2045 2785 ipse
2058 2721 2085 2772 et
2094 2721 2187 2772 iratres
2200 2721 2268 2783 cisa.

1404 2807 1429 2856 et
1446 2806 1489 2869 qui
1507 2806 1582 2856 simul
1599 2805 1761 2858 ascenderant
1774 2821 1860 2860 omnes
1874 2809 2006 2872 sepelirent
2019 2810 2114 2874 patrem
2131 2808 2221 2873 ipsius.

1452 2903 1489 2947 ¹5.
1506 2894 1624 2944 Videntea
1642 2897 1725 2945 autem
1744 2896 1833 2946 iratres
1852 2897 1940 2961 loseplu
1960 2895 2028 2959 quud
2046 2895 2182 2948 delumine
2202 2901 2269 2948 meet

1403 2988 1473 3049 pater
1490 2998 1590 3048 eorum,
1604 2983 1721 3036 dixerunt
1734 2984 1842 3036 noiomo
1858 2984 2029 3038 reniniscalur
2043 2987 2137 3038 malum
2152 2987 2270 3038 nostrum

1401 3074 1490 3138 losepb
1506 3076 1532 3125 et
1550 3072 1687 3126 reddillme
1704 3073 1791 3126 reddat
1807 3075 1881 3126 nobis
1897 3075 1982 3126 omnia
2000 3076 2079 3139 acala,
2099 3087 2164 3140 qnae
2184 3078 2270 3127 osten

1402 3161 1486 3213 dimus
1500 3163 1547 3214 iili.
1564 3162 1628 3226 (ds.
1644 3165 1788 3227 aucuscuu
1802 3163 1906 3228 spem.
1922 3177 1945 3216 e.
1966 3169 2019 3229 17.,
2034 3163 2075 3215 ed.
2094 3166 2184 3225 Noti)

1453 3249 1489 3294 tc.
1506 3247 1538 3294 Et
1554 3247 1674 3295 νουονυυι
1690 3242 1722 3294 ad
1737 3245 1827 3309 loseph
1843 3243 1967 3296 diceutes:
1980 3246 2054 3296 Pater
2066 3246 2125 3296 tuus
2139 3245 2271 3297 ediummt

1405 3337 1430 3386 te
1446 3335 1590 3399 prinsquam
1605 3334 1755 3396 moreretur,
1776 3338 1812 3384 17.
1829 3332 1927 3384 diosna:
1944 3333 2026 3384 Dicite
2043 3333 2144 3398 loseph:
2162 3335 2270 3386 Dimitte

1404 3423 1440 3474 eis
1457 3423 1612 3487 iniquitaten
1628 3423 1654 3474 et
1669 3423 1797 3486 peceatum
1816 3433 1917 3483 eorum,
1934 3423 1978 3485 qui
1996 3421 2105 3486 maligna
2121 3421 2168 3472 tibi
2185 3424 2267 3473 oeten·

1403 3509 1501 3562 dauni.
1519 3511 1550 3562 iit
1565 3523 1631 3562 nunc
1646 3523 1717 3563 sume
1731 3509 1887 3574 iniquitatum
1904 3523 2034 3562 νοννυνυι
2052 3509 2131 3575 patxls
2144 3511 2193 3561 tui.

1452 3603 1484 3652 Et
1498 3599 1606 3665 ploravit
1615 3600 1703 3664 loseph
1718 3599 1877 3663 loquentibus
1890 3599 1928 3650 ela
1938 3599 1970 3650 cd
1984 3613 2020 3650 οο.
2039 3605 2078 3651 ts.
2092 3601 2123 3650 Et
2138 3599 2269 3652 senimtas

1404 3687 1436 3738 ad
1451 3701 1509 3742 eum
1523 3687 1653 3740 dixemut:
1672 3691 1736 3740 Doce
1749 3701 1796 3739 nus
1810 3688 1898 3738 bmnli
1914 3689 1953 3740 tui
1970 3700 2066 3740 νυυνυν.

1451 3784 1489 3828 iti.
1506 3779 1537 3828 El
1551 3775 1616 3828 dixit
1629 3776 1665 3827 ela
1676 3776 1776 3841 iosepb:
1789 3775 1871 3828 Nolite
1887 3776 1988 3840 timeum
2000 3777 2123 3828 Deianim
2139 3789 2187 3840 ego
2198 3790 2265 3828 aram.

1403 3872 1443 3920 2⁰.
1459 3867 1511 3918 vos
1526 3864 1652 3930 cogitastis
1662 3864 1831 3917 adversarium
1844 3877 1885 3916 me
1900 3866 1925 3915 ln
1939 3865 2090 3928 nequitiam
2102 3867 2169 3916 Dens
2180 3867 2266 3916 ου1ουν

1403 3956 1523 4022 cogitavit
1538 3955 1564 4006 ln
1579 3967 1621 4006 me
1639 3955 1666 4005 in
1687 3953 1794 4017 bonum;
1811 3953 2020 4017 quemadmodum
2037 3953 2106 4006 tieret
2122 3954 2149 4004 in
2164 3953 2264 4006 bodies·

1404 4057 1464 4096 num
1480 4047 1509 4096 nt
1526 4047 1666 4110 pascerebu
1680 4044 1786 4108 populns
1802 4043 1903 4095 multus.

1450 4143 1489 4189 11.
1507 4137 1538 4188 bt
1547 4135 1613 4186 dixit
1627 4133 1772 4187 eis=1iollte
1785 4133 1882 4185 timere.
1899 4137 1951 4198 tipo
1964 4145 2064 4198 paaeam
2075 4143 2121 4184 soa
2136 4135 2162 4183 et
2171 4131 2264 4184 domus

1403 4226 1506 4278 uestras.
1518 4226 1544 4275 et
1557 4223 1699 4275 consulatus
1715 4224 1754 4276 eat
1765 4233 1821 4286 ecs;
1833 4222 1860 4273 et
1873 4221 1972 4274 locutus
1986 4223 2025 4274 est
2039 4221 2066 4272 in
2076 4220 2152 4273 corde
2164 4235 2263 4272 eorum.

1403 4321 1443 4366 11.
1460 4317 1492 4366 at
1506 4315 1617 4366 moratus
1630 4315 1669 4366 est
1682 4313 1770 4378 losepb
1784 4313 1811 4364 iu
1826 4313 1951 4378 aegypto,
1962 4312 2015 4377 ipse
2025 4313 2050 4364 et
2064 4311 2153 4363 intres
2166 4311 2224 4364 eiua
2239 4317 2264 4362 et

1403 4409 1517 4460 uniuersa
1531 4408 1621 4459 domus
1637 4408 1715 4471 patria
1730 4407 1816 4472 lpslns.

1450 4499 1481 4548 ns
1498 4496 1563 4548 risit
1582 4497 1670 4562 loaepb
1689 4496 1760 4548 annia
1780 4498 1839 4546 ·cli·
1856 4494 1961 4548 stridit
1978 4495 2064 4559 loseplc
2084 4493 2177 4544 Etenim
2199 4493 2265 4544 lilios

1404 4587 1524 4655 usquead
1539 4588 1639 4640 tertiam
1650 4585 1800 4651 progeniem.
1817 4586 1843 4636 et
1855 4584 1901 4636 11111
1916 4583 2058 4636 blachtent
2071 4585 2198 4635 Μνυοννον
2211 4583 2263 4634 nati

1402 4681 1462 4730 sunt
1474 4691 1521 4742 sup
1538 4677 1647 4729 icenrom
1664 4675 1761 4739 losepb.

1450 4774 1490 4820 11.
1507 4769 1539 4818 ns
1556 4765 1621 4818 dlalt
1638 4764 1726 4828 losepb
1747 4763 1866 4815 intribus
1883 4763 1949 4814 suls:
1967 4767 2030 4814 acea
2046 4775 2092 4826 epo
2111 4761 2221 4825 morium
2238 4767 2263 4812 et

1403 4857 1516 4923 respiciet
1533 4869 1578 4907 uos
1595 4859 1677 4918 Deus;
1698 4855 1723 4906 et
1742 4853 1832 4906 educet
1850 4865 1897 4905 sos
1915 4852 1948 4904 de
1966 4853 2033 4904 terra
2053 4852 2100 4902 bac
2120 4851 2147 4901 tn
2169 4852 2262 4902 terram

1402 4960 1477 5013 quam
1499 4947 1592 4997 iurarit
1609 4944 1722 5009 putribus
1742 4943 1833 4995 nuabia
1851 4942 2026 4994 liciniani
2042 4941 2111 4992 isaac
2130 4944 2157 4992 ei
2177 4941 2259 4992 iacob.

1403 5039 1442 5088 11.
1457 5037 1490 5087 ns
1502 5033 1627 5086 adinravit
1637 5033 1725 5098 losepb
1738 5031 1802 5084 lilios
1811 5031 1903 5084 lsrabel
1917 5030 2015 5084 dicens:
2029 5033 2058 5080 ln
2070 5029 2214 5080 visitatione
2225 5027 2261 5077 xi·

1402 5124 1488 5178 albuli
1505 5135 1551 5174 vos
1564 5125 1643 5186 Deus,
1654 5123 1680 5172 et
1696 5121 1789 5173 tolletis
1803 5133 1860 5172 ossa
1875 5133 1930 5172 mea
1947 5119 2005 5171 blec
2020 5119 2160 5171 vobiscum.

1444 5219 1485 5264 aa.
1501 5213 1533 5262 lit
1550 5209 1683 5262 dctunotus
1701 5211 1739 5261 eat
1756 5209 1844 5274 loseph
1862 5221 1920 5261 oum
1936 5211 2001 5260 esset
2015 5219 2137 5260 annornm
2153 5209 2216 5259 ·cx·
2228 5197 2256 5256 'et

1403 5299 1552 5368 assuerum
1564 5311 1623 5353 eum
1638 5300 1664 5352 ct
1677 5301 1813 5364 posua'oat
1830 5297 1856 5350 in
1873 5297 1999 5362 samolago
2013 5297 2039 5349 ln
2053 5297 2173 5362 Aegypto.

1723 5417 1851 5496 Explicit
1858 5415 1954 5516 bber-

1719 5525 1841 5588 Genesla
1859 5523 1900 5602 qd
1919 5523 1954 5584 dt

1695 5622 1750 5684 ab.
1772 5623 1874 5701 lingna
1893 5621 1969 5686 Deae

1812 5723 1851 5783 alt

1222 5921 1513 5980 ΛΞΕΞΘΕΝ
