4804 6692
455 495 541 568 llbll
1206 489 1523 567 excludebant

460 663 727 754 »sequuntur
758 641 1029 741 incommoda,
1062 642 1252 748 Vulgatae
1283 641 1470 724 editionis
1502 638 1629 722 Biblia
1649 637 1830 744 ‚posthac
1856 637 2018 718 nonnisi
2052 635 2265 718 uniformia

458 807 478 848 n
501 771 799 878 imprimantur,
828 795 901 848 nec
928 765 1081 874 aliquid
1109 795 1132 846 a
1159 783 1273 846 textu
1298 765 1497 846 diversum
1523 764 1564 842 in
1593 763 1769 867 margine
1797 761 2010 842 scribatur.
2032 793 2051 836 n
2073 761 2267 840 Postremi

455 898 497 976 hi
519 895 601 976 duo
621 922 795 975 canones
817 893 999 998 religiose
1018 919 1113 999 prae
1133 892 1218 972 aliis
1235 890 1431 972 observati
1452 888 1612 968 luerunt
1633 917 1654 968 a
1674 887 1908 992 gregoriana
1927 884 2266 993 Congregatione,

456 1037 577 1127 atque
605 1019 657 1100 ab
685 1017 908 1100 editoribus
934 1017 1201 1112 clementinis,
1223 1017 1282 1094 uti
1310 1041 1383 1094 suo
1410 1013 1500 1094 loco
1527 1010 1790 1117 videbimus(
1817 1013 1845 1116 ).

1274 1177 1309 1276 0.
1337 1175 1446 1252 xm.

514 1327 784 1445 ¹Argumentis
804 1329 1121 1430 demonstratur,
1145 1334 1178 1414 S
1180 1333 1313 1412 iactam
1337 1337 1389 1414 V.
1412 1332 1626 1412 corr-emisse
1643 1333 1806 1442 quidem
1825 1360 1945 1412 raam
1964 1331 2201 1428 editionem,

625 1490 707 1539 non
728 1489 809 1539 vero
834 1461 1063 1539 damnasse.
1088 1457 1313 1566 Descriptio
1336 1457 1574 1537 Correctorii
1592 1457 1854 1538 bibliothecae
1877 1458 2097 1566 angelicae.

561 1621 759 1720 Quoniam
782 1619 944 1728 quidem
966 1647 1018 1700 ex
1041 1617 1273 1725 praehabita
1302 1619 1597 1726 comparatione
1623 1646 1823 1699 canonum
1846 1616 2063 1698 caraliauae
2085 1615 2270 1696 emenda·

457 1747 578 1825 tionis
606 1774 696 1824 oum
720 1745 805 1824 aliis
828 1743 881 1824 ad
904 1772 1078 1852 quorum
1101 1771 1283 1822 normam
1304 1742 1403 1822 Sixti
1427 1739 1479 1820 V.
1508 1741 1630 1822 editio
1653 1742 1728 1823 fuit
1750 1740 1961 1836 adornata,
1987 1739 2266 1848 consequitur,

455 1898 537 1949 non
556 1869 663 1950 illam
680 1870 882 1950 sixtinam
901 1868 1223 1948 emendationem
1243 1867 1378 1947 stricto
1398 1869 1484 1949 iure
1504 1865 1799 1976 appellandam,
1817 1867 1973 1974 quippe
1990 1893 2096 1972 quae
2113 1893 2136 1944 a
2154 1859 2267 1944 Sixto

454 1996 544 2102 ipso
567 2023 749 2099 magnam
768 2011 921 2102 partem
948 1993 1066 2072 fuerit
1093 1991 1328 2099 reprobata;
1349 1990 1567 2072 videndum
1592 2019 1702 2070 nunc
1729 2008 1863 2070 utrum
1893 1991 2127 2096 hypothesis
2150 1988 2269 2068 initio

453 2121 627 2226 proximi
656 2119 873 2226 superioris
897 2117 1137 2225 paragraphi
1160 2145 1181 2194 a
1208 2115 1325 2195 nobis
1347 2116 1554 2222 proposita
1577 2114 1628 2194 ad
1650 2114 1743 2195 sacti
1766 2115 1992 2208 veritatem,
2017 2141 2090 2193 nec
2112 2138 2181 2208 ne,
2210 2139 2270 2191 re·

454 2241 546 2322 duci
571 2243 719 2349 possit;
746 2271 797 2320 au
822 2241 968 2320 scilicet
992 2241 1045 2318 ita
1070 2240 1186 2347 plene
1213 2241 1390 2320 arriserit
1418 2239 1599 2320 Pontifici
1628 2238 1751 2320 editio
1778 2268 1799 2318 a
1824 2265 1866 2318 se
1894 2237 2014 2336 facta,
2039 2254 2085 2316 ut
2105 2264 2191 2316 eam
2221 2263 2270 2314 ex

455 2367 576 2446 animi
603 2368 666 2446 sui
694 2365 772 2446 fide
794 2383 994 2472 tamquam
1015 2365 1190 2444 numeris
1209 2363 1396 2444 omnihus
1421 2365 1634 2472 perlectam
1656 2363 1695 2442 in
1716 2363 1843 2444 lucem
1865 2362 2057 2455 emiserit,
2082 2388 2128 2442 ea
2154 2361 2269 2440 nimi-

455 2521 544 2570 rum
565 2490 829 2598 perfectione,
857 2517 960 2598 quae
988 2489 1086 2568 etin
1107 2489 1184 2568 hoc
1213 2515 1377 2594 genere,
1400 2506 1439 2568 et
1467 2490 1512 2568 iis
1541 2491 1583 2568 in
1601 2487 1907 2596 circumstantiis
1931 2486 2069 2567 haberi
2094 2502 2267 2592 poterat.

455 2615 574 2694 Plura
600 2631 717 2712 sunt,
744 2641 848 2721 quae
876 2641 959 2692 rem
987 2612 1041 2690 ita
1070 2639 1111 2690 se
1139 2609 1324 2690 habuisse
1347 2611 1512 2690 omnino
1539 2611 1745 2693 suadeant.
1772 2611 1946 2717 Angelus
1972 2614 2104 2690 Rocca
2126 2612 2268 2718 (Opp.

457 2755 552 2818 tom.
576 2766 615 2818 2.
634 2768 678 2844 p.
702 2737 822 2843 273.)
848 2755 1062 2845 postquam
1086 2753 1339 2831 narraverat,
1360 2733 1512 2814 Sixtum
1536 2733 1664 2816 Biblia
1686 2736 1874 2814 universa
1895 2732 2160 2842 imprimenda
2182 2761 2273 2841 per·
2391 2827 2392 2836 ἵ

455 2863 612 2970 legisse,
642 2862 822 2942 subiicit:
853 2862 936 2940 Nec
963 2887 1006 2938 eo
1024 2875 1265 2952 contentas,
1297 2859 1480 2940 universa
1510 2860 1603 2938 item
1631 2860 1772 2940 Biblio
1800 2862 1859 2940 ric
1885 2859 2120 2954 emendata,
2151 2875 2188 2938 et
2214 2887 2273 2937 ne·

454 3005 587 3070 center
610 2989 804 3096 impressa
831 2986 878 3064 dc
907 2986 1058 3093 integro
1081 2983 1268 3092 perlegit,
1296 2999 1341 3062 ut
1359 2982 1500 3062 omnia
1517 2983 1704 3092 fideliter
1728 2984 1930 3092 recognita
1953 2985 1997 3064 in
2026 2983 2152 3064 herem
2175 3011 2273 3092 pro·

456 3114 603 3192 dirent.
626 3112 732 3193 Alibi
761 3111 811 3190 de
836 3111 994 3190 concilii
1017 3107 1227 3190 tridentini
1252 3106 1413 3188 decreto
1436 3107 1629 3216 loquens,
1650 3106 1874 3189 concludit:
1897 3109 2038 3188 Biblia
2058 3109 2117 3188 sie
2139 3133 2274 3186 emen·

456 3238 556 3316 data
580 3237 626 3316 in
647 3236 774 3316 lacem
793 3235 1036 3343 prodierunt
1053 3233 1127 3314 suh
1143 3232 1264 3314 Sixto
1287 3235 1340 3310 V.
1364 3232 1421 3338 (a)
1441 3236 1611 3341 Prosper
1633 3233 1854 3315 Marchand
1873 3260 1921 3313 ex
1943 3231 2093 3313 indicio
2117 3233 2275 3340 aliquot

457 3360 741 3469 exemplarium
763 3360 930 3438 sixtinae
958 3355 1145 3438 editionis
1172 3383 1245 3463 per
1270 3357 1474 3462 Europam
1502 3355 1796 3462 divulgaturum
1817 3383 1900 3437 non
1924 3358 2024 3438 male
2043 3359 2190 3465 arguit,
2213 3359 2274 3436 vi·

457 3504 576 3566 vente
595 3484 720 3581 Sixto,
737 3482 915 3564 enuidem
933 3485 1059 3563 Roma
1081 3484 1156 3562 hac
1177 3482 1266 3560 illac
1284 3481 1401 3562 luisse
1420 3484 1713 3582 transmissam;
1731 3513 1820 3564 cum
1844 3484 2045 3590 eleganter
2064 3500 2274 3592 compacta

457 3636 539 3695 non
561 3609 682 3692 modo
706 3611 803 3708 sint,
825 3608 1067 3704 ceratinae,
1090 3635 1170 3714 qua
1193 3608 1343 3686 Romae
1365 3607 1567 3714 compingi
1586 3609 1716 3690 solent
1737 3611 1853 3704 libri,
1876 3638 1979 3717 quos
2002 3613 2145 3692 summi
2167 3613 2274 3692 Pon-

456 3734 578 3816 tifices
601 3733 854 3843 principibus
876 3732 971 3812 viris
998 3731 1108 3812 dono
1133 3733 1478 3848 inittunt,3verum
1497 3733 1614 3812 etiam
1639 3751 1778 3814 ornata
1802 3735 2275 3844 videantur'exemplaria

456 3860 579 3968 ipsius
600 3859 703 3940 Sixti
720 3863 765 3937 V.
788 3875 1005 3938 stemmate.
1034 3857 1468 3962 (Amoenitates--liten
1485 3883 1539 3966 p.
1555 3858 1677 3962 038.)
1697 3859 1799 3940 Μο10
1817 3861 1958 3966 igitur,
1981 3889 2023 3942 re
2046 3863 2102 3942 sie
2123 3879 2273 3957 stante,

455 4012 532 4091 pro
560 3999 668 4064 certo
697 3980 1062 4076 nobisobtrudunt
1079 3981 1329 4088 Tempestius
1351 3986 1622 4078 etallezzosus,
1639 3985 1874 4088 paucissima
1893 3985 2134 4093 exemplaria
2153 3985 2278 4065 huius

456 4107 641 4200 editionis
658 4105 854 4230 prodiisse
873 4133 924 4186 ex
945 4106 1050 4214 typis
1071 4107 1282 4206 vaticanis,
1303 4123 1343 4188 ct
1363 4100 1520 4215 aliquot
1537 4135 1587 4186 ex
1606 4103 1744 4188 iisdem
1769 4107 1907 4187 furtim
1926 4125 2129 4218 surrepta,
2152 4125 2278 4217 atque

563 4381 600 4446 (t)
619 4377 795 4434 Postremum
818 4374 887 4432 Sixti
911 4389 1048 4440 canonem
1072 4389 1088 4430 a
1111 4375 1276 4450 gregoriana
1301 4383 1330 4433 et
1403 4400 1416 4427 a
1436 4377 1512 4434 Max.
1536 4376 1679 4450 remguita
1701 4384 1730 4433 et
1753 4375 1905 4450 approbata
1929 4391 2006 4434 anuo
2031 4383 2109 4434 ttae.
2131 4379 2161 4434 in
2183 4377 2277 4434 lucem

456 4466 626 4525 clementina
648 4463 872 4536 congregatione
892 4462 1021 4535 religiose
1043 4461 1220 4520 observatum
1243 4463 1331 4522 fuisse
1405 4489 1418 4517 ν
1439 4464 1640 4540 prodierunt.»
1657 4465 1753 4523 alium
1774 4466 1868 4538 accipe
1886 4482 2017 4525 coaevum
2036 4474 2150 4524 testem:
2168 4466 2279 4524 Mutius

456 4554 597 4615 verissime
613 4551 730 4612 adnotat
743 4552 942 4624 Ungareliius;
957 4551 1043 4625 idque
1059 4567 1092 4609 ex
1110 4555 1256 4625 postremis
1272 4569 1329 4611 vcr-

456 4647 500 4705 bis
519 4644 700 4719 praefationis
716 4641 848 4701 editionis
864 4642 1051 4700 clementinae
1065 4643 1263 4702 confirmatur:
1281 4649 1331 4702 Le·

456 4739 565 4794 clionee
586 4737 690 4794 variae
715 4733 757 4792 ad
782 4735 946 4805 marginem
972 4736 1063 4808 ipsios
1092 4737 1189 4790 textas
1215 4737 1334 4792 ntinlme

457 4809 651 4882 eniterentur.
665 4825 705 4878 At
725 4837 790 4880 vero
814 4820 845 4878 iu
866 4820 982 4894 epistola
1005 4821 1041 4880 ad
1063 4822 1247 4880 Franciscum
1270 4823 1329 4879 Lu·

457 4909 518 4972 cam
540 4911 731 4985 brugensem,
754 4925 839 4984 quam
862 4925 947 4983 supra
970 4912 1201 4981 memoravimus,
1221 4911 1328 4969 Baliar-

458 5003 553 5061 miuus
578 5000 676 5060 scribit
699 5000 729 5058 id
750 5015 784 5057 ex
806 4999 927 5058 aliorum
953 5000 1147 5059 consultorum
1172 5001 1331 5074 sententia,

456 5092 518 5165 ipso
535 5093 722 5166 nequicquam
737 5089 898 5162 obnitente,
913 5098 1049 5146 statutum
1066 5089 1163 5148 luisse.
1176 5092 1226 5148 Ait
1239 5091 1330 5149 enim:

459 5207 472 5232 α
491 5181 593 5239 Variae
614 5181 765 5252 lectiones,
785 5195 856 5254 quae
880 5180 910 5236 iu
930 5177 1031 5237 1111)Ιίἰο
1051 5178 1261 5238 lovaniensibus
1281 5179 1333 5238 ha·

458 5296 472 5324 0
492 5271 611 5338 beutm,
631 5279 661 5329 et
674 5271 705 5328 in
723 5285 793 5344 quas
810 5276 841 5328 tu
858 5269 963 5328 librum
980 5269 1163 5328 utilissimum
1180 5269 1332 5344 scripsisti,

458 5387 475 5432 0,
492 5360 564 5418 mibi
584 5358 753 5418 videbantur
773 5361 890 5420 omniuo
910 5358 1072 5430 addendae,
1092 5360 1268 5435 quippequae
1286 5361 1331 5418 iu·

458 5475 472 5502 0
492 5459 551 5512 star
571 5447 759 5508 bibliothecae
781 5449 852 5508 mihi
874 5465 934 5507 csse
954 5448 1101 5519 videntum
1121 5448 1170 5508 sed
1191 5466 1249 5508 000
1270 5450 1331 5525 010-

458 5568 471 5593 ν
491 5539 647 5611 cultellis,
667 5546 701 5596 ut
718 5539 748 5596 10
768 5539 859 5614 prima
881 5537 1005 5597 editione
1025 5549 1242 5614 apponerentur.
1257 5565 1270 5592 ι
1288 5541 1332 5599 Cf.

456 5631 569 5690 Geddes
589 5631 609 5686 1.
631 5645 656 5687 c.

563 5725 601 5790 (0)
618 5721 711 5780 nocer
730 5723 823 5794 (Orr-
843 5724 864 5777 ι.
883 5726 911 5778 a.
924 5738 959 5795 0.
979 5726 1062 5790 aaa.)
1078 5736 1154 5780 anno
1173 5726 1251 5778 rect.
1265 5721 1333 5780 nrt-

457 5809 554 5870 bebat:
572 5808 687 5868 «Bibba
704 5824 783 5868 sacra
802 5809 931 5884 vulgatae
948 5809 1080 5870 001110οὶ0
1097 5809 1134 5868 00
1150 5809 1263 5871 00001111
1280 5812 1327 5868 tri·

458 5922 472 5950 »
493 5897 601 5958 deutini
622 5900 823 5974 pmeseriptum
843 5899 1007 5973 emendata,
1027 5907 1055 5960 et
1071 5917 1087 5960 a
1104 5900 1182 5962 sino
1198 5902 1328 5962 111000.

1403 4559 1492 4616 Pausa
1506 4557 1537 4614 in
1548 4557 1773 4630 hagioncmenh'
1789 4557 1868 4615 della
1883 4557 2021 4616 uicaria
2035 4561 2192 4627 vaticana,
2205 4575 2279 4631 por·

1404 4653 1431 4704 te
1446 4651 1501 4706 IV.
1511 4689 1521 4718 ‚
1537 4649 1668 4706 discorso
1685 4653 1730 4704 tt.
1747 4653 1815 4714 (seu
1835 4647 1928 4719 001100
1945 4651 2010 4716 10.)
2025 4663 2097 4721 pag.
2111 4651 2191 4718 tit,
2207 4645 2278 4704 edit.

1404 4739 1513 4794 Itomae
1525 4741 1603 4794 1590.
1613 4735 1732 4809 laqueus
1744 4733 1780 4794 de
1792 4737 1917 4794 vaticana
1931 4736 2112 4812 typographia
2127 4752 2142 4794 a
2154 4737 2233 4794 Sixto
2242 4739 2278 4794 V.

1402 4827 1484 4883 Pont.
1505 4827 1578 4882 ilar.
1598 4825 1767 4894 constituta,
1786 4826 1840 4882 ait:
1857 4827 1907 4882 «E
1927 4823 2028 4898 perche
2049 4825 2096 4882 nel
2114 4841 2194 4884 sacro
2210 4841 2279 4884 con-

1403 4939 1416 4967 »
1437 4915 1504 4972 cilio
1520 4911 1551 4972 di
1566 4915 1671 4972 Tremo
1690 4913 1721 4972 10
1737 4913 1885 4984 ordinato,
1901 4914 1955 4973 che
1971 4915 1995 4973 si
2012 4913 2118 4974 lacesse
2133 4915 2202 4988 ogni
2217 4923 2279 4972 stu·

1407 5031 1419 5056 »
1440 5004 1489 5064 010
1507 5014 1535 5063 et
1552 5021 1649 5064 usasse
1664 5005 1731 5079 ogni
1749 5004 1889 5080 diligente
1904 5000 1983 5065 00010
2001 5005 2053 5064 che
2070 5006 2091 5064 il
2107 5020 2189 5064 sacre
2206 5013 2281 5064 testo

1406 5119 1418 5145 0
1439 5093 1513 5152 della
1535 5094 1632 5151 Bibbia
1652 5093 1726 5154 fosse
1745 5111 1799 5153 con
1817 5096 1885 5167 ogni
1906 5096 2074 5154 corrattioue
2093 5095 2277 5170 ristcmpato,

1408 5209 1421 5236 a
1442 5182 1569 5242 ordinate
1588 5199 1670 5256 sopra
1694 5179 1737 5242 010
1762 5184 1797 5242 00
1818 5187 1891 5242 sisto
1911 5185 1985 5242 varie
2005 5183 2221 5258 congregationi
2243 5181 2279 5241 00

1406 5298 1420 5325 ιι
1441 5273 1586 5332 Cardiuali
1608 5287 1623 5334 0
1647 5273 1677 5332 01
1699 5275 1829 5334 huomini
1851 5275 1922 5332 dotti
1946 5291 1961 5332 0
1982 5275 2119 5343 litterati,
2139 5275 2171 5332 fu
2193 5274 2277 5333 linai·

1407 5389 1419 5414 0
1442 5361 1588 5422 mentedo
1608 5363 1648 5423 101
1670 5365 1804 5424 mandato
1822 5365 1842 5422 it
1860 5371 1933 5424 tutto
1949 5363 1987 5424 ad
2005 5363 2188 5438 esequutione
2203 5372 2233 5421 et
2248 5365 2279 5421 in

1407 5477 1419 5504 a
1440 5452 1613 5526 amplissima
1634 5452 1723 5513 forma
1741 5455 1863 5514 caecian
1887 5453 2000 5512 inluta
2020 5451 2047 5509 la
2069 5451 2277 5520 0000010011ος

1407 5565 1421 5594 ι
1441 5541 1558 5600 001010
1578 5559 1614 5604 00
1635 5543 1666 5601 10
1685 5559 1756 5601 aneo
1776 5542 1845 5601 satta
1864 5542 1964 5618 spetial
1987 5541 2130 5601 mentione
2148 5539 2224 5601 00110
2243 5542 2278 5599 ii·

1405 5632 1530 5692 »bracia
1555 5633 1601 5692 del
1625 5643 1708 5692 teum
1730 5633 1783 5691 cho
1805 5649 1909 5708 segue:
1935 5640 2063 5694 Sacram
2094 5675 2101 5690 .
2132 5636 2278 5706 Papinum

1406 5747 1419 5774 ν
1439 5729 1488 5782 Ee
1512 5765 1518 5780 .
1544 5722 1672 5782 concilii
1696 5763 1703 5778 .
1733 5723 1925 5782 Tridentini.
1950 5725 2136 5796 praescripto
2156 5765 2163 5779 .
2182 5726 2278 5796 00000

1401 5837 1413 5862 υ
1434 5813 1716 5872 emendatissimum
1737 5853 1743 5868 .
1763 5813 1949 5888 1110010001.
1970 5815 2104 5874 Carent.
2120 5836 2132 5862 ι
2148 5809 2193 5870 Cf.
2206 5813 2279 5869 Roo-

1403 5918 1451 5974 ca,
1471 5905 1544 5978 000.
1566 5911 1633 5961 tom.
1653 5907 1680 5960 a.
1699 5917 1728 5976 0.
1748 5909 1811 5962 tta.
