4750 6694
475 515 563 594 xcu
1150 513 1395 589 hermarus
1419 512 1607 590 austeus

582 667 647 749 23.
674 667 866 749 Nonnihil
891 669 1055 774 insuper
1079 666 1322 774 profecimus
1339 695 1389 748 en
1406 667 1524 747 variis
1545 662 1783 745 lectionibus
1810 663 2006 772 excerptis
2025 689 2049 744 c
2070 659 2280 744 duodecim
2372 695 2373 728 ι

475 792 680 874 codicibus
709 792 951 889 florentinis,
973 819 1079 900 quos
1100 793 1285 874 monachi
1308 791 1460 872 ordinis
1487 819 1518 870 s.
1544 786 1768 883 Benedicti,
1790 789 1898 867 iussu
1927 817 1959 868 s.
1982 788 2040 867 Pii
2063 787 2114 866 V.
2138 803 2278 869 contu·
2372 789 2373 794 ’

474 919 621 997 lerunt.
649 916 869 995 Servantur
893 916 968 995 hae
994 916 1201 1011 lectiones,
1223 915 1445 1022 adscriptae
1470 915 1512 992 in
1538 913 1783 1018 marginibus
1802 913 2037 1018 exemplaris
2058 910 2279 991 Bibliorum

476 1044 516 1120 in
537 1041 607 1120 fol.
630 1040 819 1148 Lugduni
838 1039 949 1148 apud
982 1039 1212 1147 Gryphium
1235 1040 1360 1119 MDL.
1382 1038 1426 1117 in
1449 1036 1690 1118 bibliotheca
1714 1038 1914 1134 vaticana3
1936 1036 2006 1116 sed
2024 1039 2279 1116 vehementer

474 1164 653 1244 dolemus
680 1163 787 1243 istud
805 1164 1008 1272 exemplar
1025 1164 1192 1271 pessime
1211 1165 1417 1244 multatum
1441 1164 1602 1247 fuissea
1629 1163 1890 1270 βιβλιοπαγῷ
1914 1163 1986 1266 qui
2009 1177 2162 1270 partem
2186 1187 2279 1240 mar·

474 1291 610 1394 ginum
638 1286 914 1394 imprudenter
940 1287 1131 1386 abscidit;
1161 1287 1271 1368 unde
1297 1289 1343 1368 fit
1369 1306 1414 1368 ut
1440 1291 1570 1370 variae
1597 1293 1786 1371 lectiones
1813 1290 1901 1386 vix,
1922 1303 1993 1366 aut
2020 1313 2071 1365 ne
2097 1287 2164 1365 vix
2193 1285 2280 1393 qui·

475 1410 584 1506 dem,
606 1411 682 1517 legi
709 1411 876 1526 possint.
903 1413 950 1490 ln
977 1413 1062 1520 ipsa
1090 1411 1182 1491 libri
1211 1413 1342 1493 fronte
1369 1413 1502 1494 adhuc
1529 1418 1744 1522 conspicua
1771 1430 1865 1492 sunt
1892 1413 1990 1490 haec
2017 1410 2155 1490 verba:
2183 1410 2279 1488 «Ex

478 1567 498 1607 s
520 1536 757 1614 monasterio
783 1534 979 1615 Abbatiae
999 1535 1235 1616 florentinae
1259 1539 1425 1617 collatus
1447 1538 1523 1618 fuit
1541 1540 1630 1646 (hic
1652 1539 1777 1641 liber)
1801 1566 1893 1615 cum
1915 1533 2128 1616 duodecim
2152 1559 2279 1612 esem-

478 1658 697 1764 »pleribus
725 1657 926 1736 veteribus
954 1674 994 1737 et
1019 1686 1140 1756 mss.;
1171 1657 1239 1738 sed
1273 1678 1455 1767 repertus
1485 1679 1543 1741 est
1568 1660 1683 1741 valde
1717 1662 1941 1768 castigatus.
1972 1658 2280 1763 Obsignavimus

474 1816 496 1853 s
518 1783 755 1889 exemplaria
775 1782 836 1860 his
860 1783 1002 1860 litteris
1023 1784 1078 1879 A,
1098 1781 1150 1878 B,
1172 1785 1221 1878 C,
1244 1786 1295 1879 D,
1318 1786 1370 1880 E,
1392 1784 1436 1879 F,
1459 1787 1517 1882 G,
1541 1786 1600 1879 H,
1623 1787 1660 1879 l,
1681 1787 1731 1882 L,
1753 1785 1814 1879 M,
1838 1784 1886 1862 N.
1911 1778 2142 1862 Notandum
2165 1809 2280 1888 prae·

478 1923 642 2002 nterea,
669 1905 783 2014 quod
810 1907 852 1985 in
879 1923 991 1986 textu
1018 1907 1206 1989 hebraico
1235 1910 1443 1989 innumera
1470 1911 1748 2017 reperiuntur,
1774 1935 1878 2016 quae
1906 1905 2019 1985 aliter
2046 1906 2213 1985 omnino
2241 1932 2280 1984 se

475 2028 690 2126 »habent;
716 2030 898 2110 variant.
921 2093 929 2109 .
952 2048 1049 2111 ..et
1076 2059 1234 2110 sensum
1262 2032 1376 2111 simul
1405 2049 1444 2112 et
1471 2032 1605 2111 verba.
1633 2031 1782 2110 Verum
1810 2056 1973 2112 cumea
2000 2027 2208 2134 provincia
2237 2045 2280 2106 ut

478 2182 496 2223 s
517 2153 828 2266 corrigerentur,
850 2181 934 2232 non
954 2153 1208 2234 mandaretur
1226 2155 1363 2249 nobis,
1384 2155 1538 2263 impar.
1561 2212 1570 2233 .
1591 2213 1601 2233 .
1623 2211 1632 2232 .
1653 2152 1863 2234 videbatur
1886 2153 1916 2230 si
1940 2179 2056 2257 agere
2077 2179 2280 2258 praesum-

475 2309 494 2348 s
516 2275 727 2382 psissemus
754 2275 866 2383 quod
893 2277 985 2356 iussi
1017 2273 1112 2357 non'
1128 2277 1352 2374 fueramus,
1381 2277 1477 2357 sed.
1500 2339 1508 2357 .
1530 2335 1540 2355 .
1562 2337 1571 2355 .
1596 2277 1806 2383 »Reliqua
1835 2273 2137 2355 desiderantur:
2167 2291 2209 2354 at
2238 2275 2280 2353 in

473 2397 634 2476 archivo
662 2413 814 2476 secreto
842 2399 1024 2478 vaticano
1050 2398 1166 2506 (cod.
1189 2400 1243 2477 M.
1266 2401 1331 2496 M.
1355 2400 1426 2479 fol.
1449 2400 1570 2503 301.)
1595 2398 1781 2479 schedam
1804 2400 1990 2505 legimus,
2011 2425 2116 2505 quae
2141 2396 2193 2477 de
2217 2426 2279 2478 ea-

472 2519 564 2600 dem
589 2521 799 2601 collatione
826 2522 979 2630 aliquid
1005 2523 1175 2630 amplius
1200 2523 1340 2603 refert:
1366 2524 1554 2603 «Modus
1582 2541 1758 2603 servatus
1790 2524 1835 2602 in
1860 2524 2097 2602 correctione
2121 2523 2279 2602 Biblio-

477 2677 495 2719 s
518 2673 608 2723 ram
623 2646 864 2724 Florentiae.
884 2645 1134 2726 Contulimus
1153 2674 1242 2727 curn
1262 2646 1472 2728 duodecim
1491 2649 1805 2755 exemplaribus,
1822 2674 1872 2727 ex
1892 2647 2040 2754 quibus
2058 2645 2142 2726 duo
2162 2664 2278 2726 crant

476 2768 698 2848 »abbatiae
725 2786 885 2848 nostrae
913 2769 1168 2867 florentinae,
1191 2799 1295 2879 quae
1322 2772 1562 2878 signavimus
1586 2772 1642 2866 A,
1664 2771 1715 2867 B;
1742 2769 1945 2849 Cartusiae
1973 2797 2067 2848 vero
2097 2769 2278 2848 florenti-

475 2919 592 2972 »nae
620 2909 732 2972 erant
760 2910 928 3000 septem,
961 2909 1000 2973 et
1028 2896 1267 3001 signavimus
1299 2896 1351 2989 C,
1378 2897 1433 2992 D,
1461 2897 1513 2990 E,
1539 2895 1589 2990 F,
1611 2897 1669 2991 G,
1695 2895 1755 2990 H,
1781 2894 1820 2990 l;
1847 2911 2069 2973 conventus
2096 2922 2128 2972 s.
2151 2893 2279 2972 Marci

474 3048 495 3090 s
515 3016 738 3096 Florentiae
755 3017 849 3116 tria,
872 3043 976 3125 quae
995 3018 1234 3126 signavimus
1252 3019 1304 3114 L,
1327 3019 1386 3116 M,
1407 3018 1459 3096 Ν.
1486 3020 1537 3098 Et
1554 3021 1652 3098 haec
1670 3045 1835 3126 quoque
1854 3015 2000 3097 addere
2018 3043 2163 3124 operae
2187 3045 2280 3124 prc-
2372 3067 2373 3078 κ

479 3170 498 3214 n
515 3142 615 3219 tium
643 3142 971 3220 existimavimus:
997 3142 1217 3250 quodcum
1240 3144 1513 3223 hebraicarum
1532 3144 1751 3223 litterarum
1769 3141 1993 3220 facultatem
2014 3141 2277 3236 haberemus,

475 3263 664 3371 »placuit
691 3265 809 3343 nobis
830 3265 947 3343 etiam
968 3265 1142 3345 hebraeo
1165 3283 1277 3346 textu
1301 3266 1381 3345 uti:
1407 3267 1449 3344 in
1473 3294 1556 3374 quo
1581 3267 1790 3344 innumera
1810 3263 1990 3370 profecto
2014 3263 2281 3341 inveniuntur

475 3421 494 3462 s
517 3387 660 3466 nostris
679 3386 887 3468 codicibus
906 3390 1070 3469 omnino
1090 3389 1309 3469 dissimilia:
1335 3418 1439 3498 quae
1456 3392 1572 3470 etiam
1592 3417 1731 3469 sensus
1751 3387 1883 3466 varios
1901 3386 2059 3493 penitus
2076 3384 2278 3482 reddunt,

476 3543 494 3583 s
516 3512 744 3618 nostrisque
761 3537 834 3619 per
852 3513 986 3592 omnia
1009 3511 1230 3594 dissimiles.
1258 3515 1519 3623 Apparetquc
1537 3515 1578 3592 in
1598 3513 1743 3591 nostris
1760 3511 1876 3589 libris
1895 3511 2074 3589 litteram
2087 3536 2171 3589 esse
2190 3537 2281 3588 cor-

474 3663 494 3707 »
516 3651 693 3741 ruptam:
715 3661 806 3712 cum
834 3635 1033 3714 multoties
1055 3635 1097 3714 in
1120 3636 1296 3716 hebraeo
1318 3663 1456 3716 sensus
1475 3636 1681 3716 facillimus
1708 3633 1921 3728 reddatur,
1949 3634 1992 3711 in
2017 3632 2150 3712 latinis
2178 3659 2280 3711 vero

473 3756 751 3836 »obvolvatur
779 3758 981 3862 tenebris..
995 3761 1044 3838 Et
1071 3787 1162 3838 cum
1189 3760 1289 3839 haec
1316 3761 1370 3840 ita
1392 3787 1434 3839 se
1457 3760 1652 3855 habeant,
1674 3787 1747 3838 nos
1769 3777 1901 3837 tamen
1925 3756 2011 3835 ausi
2034 3783 2118 3834 non
2140 3783 2282 3834 sumus

474 3915 495 3954 n
515 3882 730 3960 velunum
756 3882 891 3962 saltem
919 3911 969 3962 ex
997 3883 1073 3962 illis
1100 3883 1317 3990 corrigerc;
1344 3913 1434 3963 cum
1462 3911 1506 3964 ca
1535 3912 1630 3963 cura
1658 3883 1775 3962 nobis
1800 3909 1884 3960 non
1909 3877 2180 3959 mandaretur.
2207 3879 2283 3960 So-

474 4037 493 4078 »
514 4003 718 4084 lummodo
746 4033 841 4086 vero
869 4033 915 4086 ea
942 4007 1159 4114 tetigimus,
1183 4009 1351 4113 quaein
1376 4007 1621 4114 marginibus
1645 4008 1834 4113 impressa
1860 4003 2127 4083 habebantur.
2154 4004 2283 4103 Quod
2372 4027 2373 4032 ’

475 4163 495 4204 n
516 4129 778 4208 necessarium
808 4157 891 4210 esse
918 4132 1164 4226 censuimus,
1188 4149 1232 4209 ut
1259 4159 1339 4238 qua
1367 4130 1542 4226 ratione,
1562 4129 1625 4210 vel
1648 4158 1730 4238 qua
1753 4129 2006 4223 auctoritate,
2028 4144 2113 4205 tum
2138 4153 2187 4205 ex
2209 4128 2283 4206 he-

469 4287 493 4328 n
513 4252 657 4349 braco,
680 4271 764 4332 tum
783 4282 831 4333 ex
851 4252 1146 4362 exemplaribus
1165 4281 1254 4334 mss.
1278 4255 1467 4362 impressa
1490 4255 1659 4350 fuerint,
1682 4254 1890 4360 perspicue
1910 4250 2178 4330 intueremini.
2203 4251 2283 4330 Re-

474 4378 785 4486 sliqua‘omnia
813 4378 977 4458 omnino
1005 4379 1223 4457 omisimus.
1249 4378 1531 4459 Verumtamen
1557 4381 1588 4458 si
1613 4407 1658 4458 ea
1680 4376 1814 4456 solerti
1841 4373 1973 4454 studio
1996 4372 2171 4479 reperire
2196 4373 2286 4478 pri-

473 4535 492 4574 s
513 4530 639 4599 mum,
661 4518 746 4581 tum
770 4499 915 4582 deinde
934 4502 1157 4610 imprimere
1176 4503 1219 4582 in
1238 4503 1481 4612 marginibus
1503 4503 1617 4582 simili
1637 4498 1758 4580 modo
1778 4499 1989 4600 curaretis;
2017 4495 2164 4576 daretis
2184 4524 2285 4576 sane

473 4655 492 4699 s
514 4623 738 4704 facultatem
766 4625 962 4704 eximiam.
977 4625 1208 4705 hominibus
1236 4626 1383 4703 nostris
1409 4625 1565 4704 facilius
1589 4641 1633 4730 el.
1656 4624 1801 4703 clarius
1827 4619 2128 4726 intelligendi.»

469 4787 472 4794 ·
577 4748 642 4841 ad.
668 4748 805 4854 Longe
832 4749 1059 4828 uberiorem
1086 4776 1249 4828 messem
1277 4749 1395 4829 nobis
1420 4747 1732 4856 suppeditarunt
1755 4747 1896 4852 viginti
1922 4761 2096 4852 quatuor
2124 4742 2287 4825 codices

469 4901 497 4951 a
514 4874 737 4969 monachis,
758 4873 867 4952 iussu
886 4874 981 4952 item·
997 4901 1031 4952 s.
1052 4875 1112 4952 Pii
1132 4874 1184 4951 V.
1206 4874 1496 4954 accuratissime
1519 4873 1651 4953 collati
1671 4899 1760 4950 cum
1780 4867 1982 4978 praedicta
2000 4866 2176 4947 editione
2194 4867 2286 4976 lug·

469 4995 639 5076 dunensi
668 4999 709 5076 in
738 4995 996 5076 celeberrimo
1024 4997 1264 5078 monasterio
1292 4996 1439 5077 Montis
1467 4997 1614 5078 Casini.
1647 4996 1802 5074 Horum
1829 4993 1962 5072 variae
1992 4991 2182 5072 lectiones
2211 4993 2287 5072 ha-

469 5120 618 5200 bentur
636 5122 678 5199 in
698 5119 859 5199 archivo
887 5138 1038 5199 secreto
1067 5121 1248 5200 vaticano
1272 5118 1417 5226 (codd.
1439 5118 1495 5198 Μ.
1515 5121 1583 5215 41.
1604 5119 1671 5213 43.
1691 5119 1807 5221 Δία),
1836 5117 1905 5196 ubi
1931 5133 2065 5196 tamen
2087 5115 2190 5195 liber
2207 5119 2288 5196 Ge·

468 5244 572 5322 nesis
600 5241 868 5342 desideratum
895 5243 1059 5324 fortasse
1087 5246 1300 5351 praemissa
1326 5244 1456 5324 fuerat
1483 5245 1661 5351 ipsorum
1690 5242 1873 5336 codicum
1901 5239 2145 5348 descriptio,
2176 5268 2289 5347 quae

467 5365 640 5477 proinde
660 5367 778 5446 nobis
797 5365 920 5448 deest.
941 5368 1149 5448 Lectiones
1169 5370 1291 5476 igitur
1310 5370 1550 5465 casinenses,
1573 5397 1673 5477 quas
1684 5431 1696 5467 ,
1717 5384 1918 5448 annuente
1936 5366 2111 5448 eiusdem
2128 5365 2288 5444 archivi

467 5491 667 5600 praefecto
694 5490 922 5573 doctissimo
949 5490 1117 5601 perinde
1145 5509 1265 5600 atque
1292 5493 1577 5573 humanissimo
1604 5494 1692 5573 viro
1719 5491 1945 5598 Augustino
1968 5489 2190 5588 Theinero,
2212 5487 2290 5568 de-

467 5617 715 5724 scripsimus,
744 5614 795 5695 ad
823 5614 965 5695 Exodo
994 5615 1175 5722 proferre
1202 5617 1437 5724 incipimus;
1465 5634 1587 5726 atque
1615 5616 1664 5697 ad
1695 5641 2029 5730 unamquamque
2047 5613 2290 5692 varietatem

468 5767 678 5820 numerum
701 5740 952 5837 subiicimus,
973 5766 1043 5820 seu
1063 5768 1254 5821 summam
1274 5741 1458 5823 codicum
1477 5743 1696 5824 innuimus.
1717 5739 1909 5839 Quamvis
1931 5737 2036 5817 enim
2059 5737 2292 5816 casinenses

467 5889 542 5971 per
559 5863 708 5946 litteras
729 5895 775 5959 a,
802 5865 845 5961 b,
870 5894 912 5960 c,
938 5884 1015 5946 etc.
1037 5893 1131 5946 suos
1154 5863 1311 5948 codices
1335 5865 1548 5962 denotent,
1571 5893 1697 5974 quum
1726 5864 1903 5972 ipsorum
1926 5861 2113 5944 codicum
2132 5859 2290 5942 descri-
