4750 6694
759 461 1002 538 larmirus
1026 461 1214 538 euticus
1734 461 1895 541 lxxxix

99 627 174 692 tum
197 609 240 688 in
261 609 424 718 reliquis
444 611 713 727 hentenianis,
734 614 954 724 dequibus
975 616 1080 695 infra
1101 613 1291 696 dicemus.
1319 615 1475 696 Horum
1498 613 1683 695 codicum
1703 614 1893 697 lectiones

96 735 396 840 praetermittere
422 733 531 818 nefas
553 755 657 835 crat,
678 754 764 818 tum
790 741 885 847 quia
907 740 1044 820 saltem
1071 763 1253 846 magnam
1275 756 1430 847 partem
1453 767 1502 818 ex
1525 739 1656 820 bonae
1684 757 1804 822 notae
1827 769 1894 821 co-

96 855 241 937 dicibus
256 878 474 968 excerptae
502 879 618 960 sunt,
646 879 732 942 tum
760 864 855 972 quia
882 864 1037 943 romani
1064 891 1247 944 censores
1274 863 1359 944 illas
1384 863 1549 972 plurimi
1575 863 1784 961 feceruut,
1814 893 1896 945 eas-

94 981 257 1090 demque
284 983 394 1064 haud
412 1013 503 1066 raro
522 988 683 1096 sequuti
712 1005 818 1066 sunt.
846 985 1074 1068 Dolendum
1097 1005 1229 1068 tamen
1247 1003 1307 1066 est
1323 987 1572 1068 lovanienses
1596 987 1805 1095 theologos
1828 1017 1897 1068 co-

97 1105 194 1186 dices
219 1107 383 1213 quidem
410 1138 504 1189 suos
530 1110 810 1218 descripsisse,
840 1129 880 1192 at
906 1112 949 1190 in
977 1113 1095 1198 variis
1127 1109 1378 1220 proferendis
1411 1111 1652 1192 lectionibus
1682 1138 1893 1192 numerum

94 1231 359 1312 tantummodo
377 1234 557 1342 ipsorum
575 1233 760 1316 codicum
779 1235 830 1317 ad
849 1263 1171 1344 unamquamque
1194 1235 1405 1316 lectionem
1427 1233 1640 1334 indicasse;
1661 1234 1828 1344 perinde
1846 1265 1892 1316 ae

94 1357 123 1434 si
145 1372 211 1435 aut
235 1356 395 1436 illorum
421 1360 599 1438 omnium
619 1387 694 1467 par
712 1359 851 1440 l'uissct
876 1361 1112 1454 auctoritas,
1134 1378 1205 1439 aut
1223 1360 1267 1438 in
1284 1385 1328 1439 re
1347 1360 1482 1440 critica
1507 1357 1745 1440 numerandi
1762 1378 1895 1440 essent

96 1497 205 1560 testes
226 1482 505 1591 potiusquam
529 1483 743 1592 pensandi;
766 1481 878 1591 quod
899 1511 995 1563 sane
1018 1509 1135 1562 nemo
1157 1481 1318 1562 dixerit.
1345 1481 1427 1562 Etsi
1450 1509 1546 1563 vero
1566 1481 1817 1565 lovanienses
1838 1499 1897 1562 ta-

94 1621 215 1699 ceant,
235 1604 347 1684 baud
364 1635 456 1686 raro
475 1635 550 1686 nos
566 1606 749 1704 aliunde,
766 1608 935 1698 maxime
953 1634 1002 1686 ex
1021 1606 1197 1687 editione
1214 1606 1465 1714 stephaniae,
1483 1604 1535 1684 de
1553 1633 1633 1712 qua
1652 1633 1745 1685 mox
1764 1632 1894 1686 sermo

94 1729 181 1824 erit,
209 1729 446 1837 investigare
476 1732 682 1839 potuimus
711 1759 906 1840 quosnam
934 1730 1092 1812 codices
1124 1729 1175 1810 ad
1205 1731 1378 1838 singulas
1407 1729 1596 1810 lectiones
1628 1727 1891 1811 laudaverint.

93 1851 134 1930 Iu
157 1852 320 1960 reliquis
347 1870 479 1934 autem
501 1853 598 1934 locis
621 1852 718 1934 dum
745 1881 821 1962 pro
844 1855 977 1962 aliqua
1000 1855 1108 1934 varia
1130 1855 1301 1934 lectione
1323 1852 1564 1961 proferimus
1583 1850 1762 1932 codicem
1785 1854 1837 1950 L,
1860 1853 1894 1934 si

93 1975 182 2052 nihil
207 1993 412 2082 praeterea
440 1975 641 2074 addimus,
663 1978 837 2085 intellige
864 1981 1026 2059 unicum
1055 2007 1139 2059 esse
1165 1977 1341 2060 codicem
1371 2006 1393 2057 a
1420 1977 1719 2059 lovaniensibus
1745 1978 1894 2058 excita·

93 2116 187 2198 tum,
212 2126 327 2181 secus
346 2101 451 2182 enim
475 2129 686 2182 numerum
712 2103 763 2181 ab
781 2104 876 2210 ipsis
899 2120 1080 2183 notatum
1104 2100 1349 2186 subiicimus.
1373 2103 1450 2182 Ex.
1472 2132 1532 2210 gr.
1555 2103 1720 2200 Gen.1,
1747 2105 1809 2186 15.
1832 2101 1891 2182 di·

94 2223 206 2304 cimus
232 2224 347 2304 codd.
369 2229 404 2306 L
427 2227 467 2306 8.
489 2225 621 2331 legere
642 2243 679 2305 et
704 2226 892 2321 luceant,·
916 2243 1009 2306 octo
1031 2225 1136 2305 enim
1160 2223 1337 2320 codices,
1359 2253 1408 2304 ex
1432 2225 1479 2304 iis
1502 2251 1606 2334 quos
1634 2225 1892 2306 contuleruut

94 2347 352 2445 lovanienses,
374 2349 477 2429 bane
494 2349 705 2430 lectionem
723 2349 969 2458 praeferunt.
992 2351 1039 2428 ln
1060 2350 1138 2429 hoc
1160 2366 1292 2429 autem
1316 2350 1403 2458 ipso
1424 2348 1608 2430 codicum
1633 2377 1799 2430 numero
1823 2349 1893 2432 ad·

93 2471 261 2552 notando
286 2501 370 2552 non
390 2501 469 2553 una
487 2475 620 2554 cautio
638 2471 708 2554 sed
728 2475 933 2582 multiplex
952 2473 1178 2554 adhibenda
1196 2472 1286 2552 fuit.
1310 2473 1410 2554 Nam
1429 2489 1521 2581 post
1539 2473 1760 2579 evulgatam
1778 2477 1891 2582 prin-

93 2595 208 2702 cipcm
230 2597 340 2676 illam
363 2597 598 2694 editionem,
620 2597 671 2680 dc
694 2628 774 2707 qua
793 2627 935 2707 supra,
957 2599 1023 2679 alii
1041 2616 1163 2707 atque
1184 2599 1249 2678 alii
1273 2598 1404 2677 collati
1428 2599 1591 2678 luerunt
1609 2596 1788 2694 codices,
1811 2615 1894 2678 stu-

94 2715 153 2797 dio
169 2723 399 2827 praesertim
418 2722 697 2832 Christophori
716 2723 886 2802 Plautini
905 2740 945 2802 et
961 2723 993 2800 F
995 2723 1162 2802 rancisci
1179 2722 1312 2802 Lucae
1329 2721 1562 2830 Brugensis,
1580 2749 1753 2830 quorum
1772 2751 1896 2829 opera

92 2845 202 2949 magis
229 2847 436 2956 magisque
464 2848 649 2954 castigata
668 2865 709 2926 et
727 2865 842 2926 aucta
870 2845 992 2927 editio
1013 2847 1253 2926 lienteniana
1277 2837 1434 2953 saepius
1454 2873 1592 2926 recusa
1617 2846 1694 2925 fuit
1716 2849 1786 2952 (r).
1814 2847 1896 2926 Has

92 2965 202 3071 igitur
216 2971 459 3076 posteriores
477 2970 673 3050 editiones
692 3000 784 3051 cum
804 2972 928 3079 priori
946 2971 1013 3050 illa
1032 2969 1240 3077 diligenter
1258 2971 1513 3068 contulimus,
1530 2987 1569 3050 et
1587 2997 1639 3050 nc
1657 2969 1757 3078 quid
1775 2971 1893 3053 nobis

93 3093 280 3174 excideret
300 3097 492 3176 cavimus.
513 3099 562 3176 In
577 3099 790 3205 postremis
808 3098 915 3176 enim
934 3123 1053 3203 saepe
1071 3094 1254 3176 codicum
1273 3121 1464 3174 numerus
1482 3112 1671 3202 augetur3
1694 3111 1733 3176 at
1751 3112 1893 3176 contra

94 3218 297 3298 nonnullae
325 3219 536 3318 lectiones,
560 3248 665 3330 quae
690 3221 733 3300 in
759 3221 942 3329 principe
970 3218 1065 3299 edit.
1091 3220 1268 3327 prolatae
1296 3218 1477 3317 fuerant,
1503 3219 1887 3326 praetermittuntur.

194 3365 254 3422 125.
284 3341 387 3422 Cod.
415 3343 470 3423 M.
500 3346 795 3426 Correctorium
822 3343 1044 3425 Bibliorum
1072 3372 1125 3426 ex
1157 3348 1430 3455 ἐπανωρθωτῇ
1459 3340 1730 3426 dominiciano
1758 3372 1894 3425 excer-

95 3481 213 3568 ptum,
241 3467 462 3548 membran.
485 3469 527 3548 in
553 3471 592 3566 4.
615 3470 738 3548 seculi
761 3468 893 3566 XIV.,
920 3469 1390 3549 ottoboniauovaticanus
1416 3495 1528 3546 num.
1550 3467 1643 3574 293.

191 3589 252 3668 13.
279 3588 383 3671 Cod.
409 3590 460 3671 N.
487 3589 610 3670 Aliud
637 3591 876 3699 locupletius
904 3591 1197 3672 Correctorium
1223 3589 1465 3690 Bibliorum;
1492 3591 1756 3672 membranae.
1782 3594 1824 3672 in
1849 3596 1897 3687 4.Ι

94 3712 200 3790 seculi
222 3715 362 3816 XIII.;
383 3713 589 3794 vaticanus
611 3743 720 3794 num.
745 3715 864 3810 3466.
888 3717 964 3794 Per
982 3716 1018 3792 N
1029 3715 1046 3752 '
1071 3714 1332 3823 designantur
1357 3713 1538 3794 eiusdem
1566 3713 1657 3794 cod.
1681 3715 1888 3820 margines.

190 3839 249 3932 td.
278 3836 382 3917 Cod.
399 3837 452 3916 Ο.
470 3839 651 3918 Tertium
668 3839 961 3921 Correctorium
982 3838 1223 3938 Bibliorum,
1246 3837 1465 3920 membran.
1486 3838 1528 3916 in
1553 3839 1593 3934 4.
1617 3838 1736 3920 seculi
1756 3837 1888 3937 XlV.;

92 3959 282 4043 vaticanus
312 3991 424 4044 num.
446 3965 568 4062 dado.

184 4085 280 4166 Tria
301 4088 402 4168 haec
420 4106 513 4170 sunt
535 4088 691 4171 diversa
711 4089 933 4172 Bibliorum
955 4091 1216 4188 correctoria,
1237 4089 1289 4171 de
1311 4117 1487 4198 quorum
1511 4105 1623 4185 ortu,
1644 4088 1734 4170 fatis
1751 4105 1791 4169 et
1806 4117 1891 4170 ‚usu

91 4209 171 4287 satis
188 4209 336 4294 diserte
354 4215 680 4321 pertractavimus
700 4216 741 4294 in
764 4217 955 4324 singulari
978 4233 1112 4296 nostra
1135 4215 1485 4295 lucubratiuncula
1508 4211 1612 4292 edita
1632 4213 1674 4292 in
1696 4213 1892 4294 Giomole

90 4335 279 4432 arcadico,
315 4355 411 4418 tom.
446 4341 533 4438 148.
559 4359 601 4420 et
627 4343 849 4420 accuratius
877 4342 919 4422 iu
945 4342 1043 4420 Atti
1067 4340 1179 4419 della
1205 4338 1431 4446 Pontificio
1457 4337 1691 4416 accademia
1718 4363 1892 4416 vernano

93 4455 421 4568 d’Arclreologia,
448 4481 553 4543 tomo
576 4467 698 4544 XIV
697 4523 707 4542 .
722 4493 737 4545 .·
761 4462 942 4572 adeoque
965 4491 1094 4571 pauca
1121 4464 1198 4544 hoc
1227 4465 1315 4543 loco
1339 4463 1390 4544 de
1418 4461 1557 4542 iisdem
1581 4461 1771 4541 dicemus.
1797 4461 1891 4540 Per-

90 4601 336 4688 opportunus
356 4587 476 4667 nobis
492 4588 638 4668 horum
658 4590 779 4668 trium
797 4589 979 4670 codicum
999 4616 1096 4668 usus
1114 4589 1298 4684 obvenit,
1320 4615 1495 4693 quorum
1514 4583 1795 4666 adnotationes
1813 4611 1892 4664 om·

90 4729 150 4784 nes
165 4709 245 4788 suis
262 4711 362 4790 locis
380 4713 493 4819 operi
512 4727 651 4792 uost'ro
670 4714 975 4822 interponimus.
1003 4715 1061 4792 Ex
1081 4713 1142 4791 his
1160 4711 1234 4792 viri
1255 4710 1364 4791 docti
1387 4710 1606 4816 intelligent
1625 4709 1769 4817 quanti
1792 4707 1891 4787 haec

91 4836 318 4915 correctoria
347 4835 528 4918 iacienda
548 4837 642 4916 sint.
671 4839 861 4939 Quamvis
887 4839 994 4918 enim
1017 4837 1180 4916 nonnisi
1205 4836 1256 4914 ab
1278 4836 1440 4915 ineunte
1465 4833 1598 4913 seculo
1622 4834 1733 4916 XIII.
1757 4833 1892 4912 elabo-

90 4967 163 5033 rata
187 4957 359 5055 luerint,
386 4976 516 5042 tamen
543 4959 760 5042 identidem
787 4963 962 5046 excitant
988 4961 1261 5042 testimonium
1287 4960 1456 5040 aliorum
1484 4957 1668 5038 codicum
1697 4957 1889 5064 antiquis-

89 5076 287 5180 simorum,
311 5085 382 5192 qui
409 5085 574 5165 fortasse
598 5085 649 5166 ad
670 5086 743 5166 Vl.
772 5087 824 5167 ad
847 5086 940 5167 VII.
961 5085 1138 5166 seculum
1166 5084 1452 5190 adsurgebant:
1480 5079 1728 5190 quandoque
1754 5097 1889 5188 aperte

90 5225 299 5303 provocant
324 5208 376 5289 ad
402 5207 531 5290 Biblia
554 5199 701 5320 scripta
722 5229 815 5292 ante
837 5211 1024 5292 Carolum
1047 5237 1257 5316 magnum,
1281 5208 1376 5288 alias
1399 5207 1450 5288 ad
1470 5195 1599 5288 Biblia
1622 5203 1798 5284 eiusdem
1816 5207 1891 5286 Ca·

90 5323 173 5422 roli,
193 5357 298 5438 quae
317 5330 408 5412 cum
428 5335 645 5441 superioris
663 5352 703 5416 et
720 5337 919 5416 inferioris
938 5334 1076 5416 aetatis
1094 5332 1301 5414 codicibus
1319 5329 1467 5412 ibidem
1492 5329 1770 5411 corderuntur.
1794 5329 1889 5406 Om-

179 5601 218 5666 (t)
235 5599 350 5660 Praeter
366 5602 567 5675 mactationem
584 5605 693 5663 a-Luca
710 5603 849 5676 Brugeuei
863 5608 946 5662 noto·
1016 5604 1139 5663 octobris
1159 5618 1235 5662 anno
1253 5607 1334 5660 1⁵74.
1353 5599 1389 5658 ad
1406 5599 1576 5676 Gregorium
1596 5595 1675 5654 Xlil.
1693 5598 1724 5652 Ρ.
1742 5596 1798 5662 M„
1818 5607 1888 5667 ques

92 5685 201 5746 sorau
220 5694 422 5766 praemissam,
443 5694 473 5753 in
493 5711 549 5770 qua
570 5695 729 5770 complures
749 5693 858 5754 codices
878 5710 892 5752 a
913 5711 943 5753 se
1015 5691 1067 5754 nos
1081 5694 1219 5768 superiori
1236 5708 1311 5750 anno
1323 5689 1464 5750 edidimus
1477 5689 1512 5748 ad
1525 5688 1630 5747 calcem
1648 5693 1761 5743 nostrae
1776 5682 1886 5742 dissert.

91 5783 225 5848 uomens
249 5780 282 5836 in
307 5780 506 5854 locupletanda
531 5799 603 5842 nora
628 5783 752 5842 editione
777 5781 946 5842 henteniana
1017 5784 1104 5842 stadt
1113 5782 1192 5856 sotti
1208 5785 1238 5840 in
1254 5787 1345 5840 Romo
1363 5798 1378 5839 e
1398 5783 1490 5838 mezzi
1504 5782 1584 5838 asoti
1597 5792 1652 5850 per
1671 5789 1840 5846 correooere
1857 5771 1888 5830 lo

91 5867 176 5920 auctor
192 5863 341 5938 describit,
359 5867 423 5930 ride
441 5869 550 5930 litteras
570 5887 586 5929 a
604 5871 746 5951 Pleminio
762 5869 842 5930 datas
859 5867 904 5930 die
920 5877 947 5928 9.
1020 5871 1124 5928 Bittio
1143 5869 1282 5944 Volscio.
1303 5868 1345 5928 ci.
1365 5868 1438 5926 inira
1457 5883 1520 5941 pag.
1539 5867 1584 5926 cl.

270 5966 354 6043 Tou.
377 5968 403 6039 l.
1660 5985 1692 6032 m
