4804 6692
428 495 529 568 xxiv
1180 496 1498 573 mortuorunt

429 674 512 726 ram
540 647 718 729 eamdem
745 649 944 729 contineri
971 650 1013 728 in
1041 648 1110 730 illo
1133 647 1290 748 codice,
1317 649 1481 732 aliunde
1507 650 1764 759 quaesierunt
1792 649 2019 730 testimonia
2043 649 2093 730 ad
2121 650 2247 760 ipsius

429 774 706 854 auctoritatem
731 773 1018 854 roborandam.
1043 774 1179 874 Quare
1198 776 1403 856 vaticanus
1421 793 1555 856 textus
1574 773 1780 856 adhibitus
1802 792 1958 854 tantum
1979 773 2057 854 fuit
2079 791 2124 854 ut
2142 775 2248 856 basis

429 895 703 979 instituendae·
721 898 970 996 collationis,
997 927 1083 980 non
1110 917 1243 981 autem
1273 916 1319 979 ut
1345 897 1491 999 iudex,
1518 929 1602 1006 quo
1629 901 1679 978 lis
1706 900 1837 979 omnis
1863 896 2117 979 dirimeretur
2143 899 2247 980 circa

430 1023 558 1103 varias
580 1022 780 1104 lectiones.
809 1022 1090 1132 Adstipulatur
1115 1024 1211 1104 huic
1239 1042 1400 1104 nostrae
1425 1025 1634 1104 assertioni
1663 1025 1747 1132 ipse
1771 1023 1903 1104 Morin
1931 1020 2068 1104 eadem
2094 1024 2137 1104 in
2163 1025 2249 1132 epi·

430 1147 528 1228 stola
556 1145 608 1226 ad
634 1147 798 1228 Silvium
826 1148 1125 1247 Antonianum,
1154 1147 1334 1256 aliosque
1358 1149 1497 1256 plures
1521 1151 1818 1230 consentientes
1843 1148 1985 1246 babet,
2012 1177 2116 1258 quos
2143 1150 2248 1230 inter

430 1271 548 1350 etiam
574 1271 840 1371 Ghislerium,
863 1289 909 1353 ut
931 1272 1035 1352 infra
1057 1275 1127 1379 (a).
1153 1273 1246 1355 Non
1269 1290 1352 1353 erat
1377 1273 1500 1380 igitur
1520 1301 1594 1353 cur
1616 1272 1846 1354 Alexander
1868 1272 2030 1354 Geddes
2051 1271 2152 1355 adeo
2176 1275 2248 1353 mi·

430 1411 587 1477 raretur
611 1397 784 1504 (Libell.
807 1397 857 1478 de
883 1399 1110 1506 vulgarium
1135 1427 1219 1478 sac.
1240 1398 1393 1507 Script.
1419 1398 1643 1477 versionum
1671 1398 1801 1503 vitiis)
1826 1399 1995 1478 vaticani
2022 1399 2154 1506 graeci
2180 1427 2248 1479 co·

346 1606 349 1612 ,
431 1520 532 1601 dicis
558 1518 732 1603 editores
759 1550 874 1602 suum
903 1523 1182 1630 antigraphum
1212 1520 1429 1603 identidem
1458 1523 1689 1630 reliquisse;
1717 1549 1850 1629 neque
1879 1549 2002 1630 porro
2030 1523 2078 1618 ii,
2104 1524 2175 1632 qui
2205 1524 2246 1603 in

431 1661 636 1756 posterum
657 1639 841 1727 collaturi
861 1665 955 1728 sunt
979 1648 1087 1727 bunc
1106 1646 1303 1745 codicem,
1325 1645 1562 1754 suggillandi
1586 1648 1775 1727 sixtinam
1795 1645 2012 1728 editionem
2035 1647 2087 1728 ab
2110 1648 2247 1728 buius-

432 1769 541 1851 modi
569 1769 881 1854 dissentionibus
903 1801 993 1852 cum
1017 1770 1133 1852 editis
1155 1771 1448 1880 exemplaribus
1473 1772 1721 1852 occasionem
1750 1773 1987 1879 captabunt.
2013 1772 2150 1854 Tertio
2178 1771 2247 1854 de·

432 1923 540 1976 mum
567 1896 678 1977 loco:
710 1897 838 1978 varias
866 1897 1076 1994 lectiones,
1108 1895 1283 2004 quaein
1313 1895 1467 1975 Sixtina
1498 1922 1638 2002 graeca
1670 1893 1846 1975 editione
1874 1896 2096 2000 unicuique
2127 1897 2246 2004 capiti

431 2019 686 2118 subduntur,
715 2022 899 2103 collectas
927 2022 1048 2102 luisse
1076 2037 1196 2129 atque
1228 2048 1446 2128 perpensas
1472 2048 1496 2099 a
1524 2019 1627 2100 binis
1654 2048 1777 2127 supra
1804 2017 1975 2100 laudatis
2006 2021 2101 2099 viris
2129 2023 2245 2100 Petro

432 2144 564 2226 Morin
592 2163 633 2226 et
656 2148 834 2229 Antonio
857 2148 1022 2256 Agellio.
1050 2146 1115 2226 Sic
1146 2172 1320 2254 namque
1347 2145 1585 2250 ghisleriana
1612 2145 1787 2226 narratio
1813 2145 2093 2253 prosequitur:
2119 2177 2139 2218 a
2156 2146 2246 2226 Col·

438 2269 587 2350 »lectis
614 2271 752 2379 itaque
778 2290 817 2353 et
844 2269 1075 2367 codicibus,
1101 2287 1141 2350 ct
1168 2271 1397 2379 pereximiis
1423 2270 1530 2351 hisce
1557 2270 1674 2365 viris,
1704 2271 1835 2375 primu
1863 2269 2152 2350 correctionem
2180 2297 2248 2376 ag·

439 2395 600 2502 agressi
633 2414 729 2476 sunt
762 2424 926 2504 graecae
958 2396 1152 2478 versionis
1185 2395 1460 2504 Septuaginta.
1497 2395 1544 2473 ln
1577 2422 1657 2502 qua
1690 2392 1853 2501 quidem
1884 2393 2246 2502 exploratissimum

438 2520 578 2600 »mihi
605 2538 683 2619 est,
707 2520 934 2602 laboratum
959 2547 1055 2629 prae
1083 2518 1271 2600 omnibus
1296 2549 1319 2600 a
1345 2536 1461 2627 patre
1486 2537 1626 2599 nostro
1655 2518 1827 2622 Agellio,
1853 2518 1925 2626 qui
1952 2518 2156 2600 variorum
2180 2547 2247 2600 co-

438 2677 457 2718 a
479 2642 612 2726 dicum
642 2674 890 2755 graecorum¹
907 2645 1077 2726 contulit
1104 2661 1254 2742 textus,
1281 2644 1417 2724 habita
1447 2645 1602 2724 ratione
1630 2643 1811 2723 lectionis
1838 2641 2067 2740 hebraicae,
2099 2660 2247 2726 cetera·

439 2798 652 2879 »rumque
674 2788 917 2852 vetustarum
941 2771 1192 2868 versionum,
1217 2769 1421 2849 etiterum
1448 2767 1709 2875 ipsorummet
1733 2763 2014 2874 Septuaginta,
2039 2783 2162 2876 prout
2189 2765 2247 2851 di-

439 2929 456 2968 a
481 2897 702 2977 versimode
727 2927 750 2976 a
771 2897 973 2978 veteribus
998 2894 1242 2974 referrentur
1265 2891 1465 2972 Patribus:
1488 2908 1528 2971 et
1550 2890 1705 2998 singula
1727 2889 1984 2999 postmodum
2008 2891 2050 2974 in
2072 2893 2248 2998 Congre-

437 3051 457 3092 s
479 3019 730 3126 gationibus,
760 3048 865 3130 quae
899 3047 1029 3100 coram
1061 3017 1268 3127 praedicto
1306 3014 1426 3099 Card.
1455 3015 1594 3096 Carasa
1628 3031 1668 3094 et
1699 3015 1885 3121 magistro
1917 3015 2018 3096 sacri
2052 3017 2188 3122 palatii
2224 3046 2248 3099 a

440 3144 790 3250 »praenominatis
819 3143 989 3243 fiebant,
1018 3143 1196 3223 exactius
1224 3141 1479 3251 proponebat
1510 3137 1794 3220 exaurinanda:
1827 3167 1872 3218 ac
1897 3141 2105 3247 perpensis
2132 3142 2248 3222 variis

438 3265 749 3364 electionibus,
786 3264 1052 3374 adductisque
1083 3266 1179 3345 hinc
1211 3263 1305 3346 inde
1339 3264 1591 3362 rationibus,
1626 3262 1775 3344 ibidem
1812 3263 2108 3360 definiebatur,
2144 3293 2247 3374 quae

438 3425 458 3466 a
480 3416 651 3501 quoquo
672 3392 717 3471 in
738 3391 827 3472 loco
848 3407 895 3470 ut
915 3390 1054 3471 melior
1076 3387 1266 3499 ponenda
1285 3407 1386 3470 esset
1406 3405 1446 3470 et
1469 3389 1613 3468 verior.
1635 3445 1645 3466 .
1668 3449 1676 3467 .
1699 3445 1709 3466 .
1730 3387 1904 3488 Quodsi
1930 3392 1980 3466 D.
2003 3392 2141 3470 Petrus
2163 3389 2247 3472 tto·

439 3551 458 3590 a
481 3517 593 3596 rinus
620 3517 662 3597 iu
687 3514 921 3623 colligendis
943 3515 1182 3597 lectionibus
1205 3514 1270 3608 iis,
1295 3541 1399 3620 quae
1421 3528 1512 3621 post
1534 3512 1688 3618 singula
1713 3512 1843 3620 capita
1866 3513 2018 3619 positae
2042 3515 2248 3620 reperiun-

438 3675 457 3714 s
478 3656 564 3739 tur,
588 3641 630 3719 in
658 3641 848 3722 correctis
874 3639 1081 3725 codicibus
1108 3636 1334 3732 desudavit,
1358 3634 1564 3720 sciendum
1591 3653 1724 3718 tamen
1748 3637 1853 3718 etin
1877 3636 1953 3716 illis
1976 3665 2140 3746 quoque
2169 3667 2247 3718 ma·

439 3801 457 3840 a
480 3766 622 3864 ximas,
649 3783 689 3847 et
716 3765 882 3847 fortasse
901 3765 1138 3873 praecipuas
1158 3762 1332 3844 extitisse
1349 3761 1488 3867 agellii
1506 3779 1653 3870 partes.
1675 3797 1694 3838 a
1715 3763 1772 3870 (a)
1792 3762 1914 3844 Paulo
1935 3763 2060 3845 fusius
2080 3764 2178 3846 haec
2196 3763 2248 3845 de

431 3889 690 3998 Septuaginta
716 3889 893 3971 editione
920 3890 1146 3988 attulimus;
1173 3917 1311 3969 verum
1338 3916 1421 3968 non
1451 3905 1564 3969 extra
1594 3916 1771 3969 causam:
1799 3915 1973 3996 namque
2001 3918 2089 3968 cum
2120 3890 2248 3970 istius·

435 4012 542 4094 modi
570 4043 675 4123 opus
706 4013 899 4122 Vulgatae
932 4015 1222 4095 correctionem
1252 4012 1529 4108 anteverterit,
1562 4029 1684 4120 atque
1714 4013 1802 4093 talis
1835 4013 2023 4095 momenti
2052 4013 2172 4096 luerit
2205 4033 2254 4096 ut·

434 4141 627 4250 temporis
647 4139 838 4235 multum,
860 4166 934 4220 nec
955 4137 1181 4246 diligentiae
1204 4139 1336 4219 minus
1358 4139 1598 4247 requireret,
1621 4139 1675 4217 nil
1700 4139 1842 4217 mirum
1862 4165 1945 4218 esse
1966 4136 2085 4220 debet
2107 4140 2138 4218 si
2164 4167 2245 4220 non

540 4394 579 4460 (t)
597 4390 844 4451 Praetermittenda
861 4406 919 4450 non
937 4399 1005 4450 suut
1020 4391 1101 4450 rerba
1118 4407 1190 4465 qiiaa
1206 4406 1303 4450 occur·
1377 4418 1389 4442 n
1410 4391 1516 4462 iactus,
1529 4393 1605 4467 quod
1621 4407 1692 4466 opus
1705 4391 1863 4453 cardinalis
1878 4401 2018 4462 aurunt,
2032 4391 2157 4450 Pontifex
2172 4391 2247 4452 eius·

434 4488 501 4538 runt
519 4480 549 4538 in
567 4479 742 4538 Praefaticue
760 4480 795 4540 ad
811 4484 902 4540 Vetas
921 4483 1134 4539 Testamentum
1150 4481 1306 4540 secandum
1380 4508 1393 4534 s
1414 4483 1477 4542 dem
1495 4482 1576 4542 card.
1591 4483 1705 4542 Ceratae
1724 4499 1807 4558 opera
1827 4499 1895 4542 usus
1913 4482 2037 4556 perfecit.
2054 4481 2134 4542 -Sed
2150 4481 2186 4542 de
2205 4481 2248 4540 bis

435 4573 523 4629 LXX.
535 4569 628 4628 latine
642 4571 793 4628 redditam
806 4574 883 4628 etex
895 4573 1162 4630 auctoritatesiaeti
1174 4577 1210 4630 V.
1221 4577 1252 4628 Ρ.
1264 4575 1302 4628 Μ.
1377 4572 1414 4631 ci.
1432 4571 1549 4648 epistola
1567 4589 1653 4647 quam
1670 4573 1867 4647 praemisimus
1887 4571 1986 4630 Bibliia
2004 4571 2112 4645 graecis
2129 4571 2213 4630 editis
2232 4589 2247 4630 a

434 4659 545 4718 editam
566 4663 671 4718 Romae
691 4665 770 4718 ttae.
791 4657 830 4718 ibi
848 4658 924 4718 euim
942 4659 1061 4734 legitur:
1077 4660 1197 4719 astatus
1214 4659 1305 4734 Quin·
1378 4662 1460 4720 Card.
1482 4663 1558 4720 Maio
1577 4667 1685 4722 tamt.
1702 4679 1773 4735 pop.
1793 4666 1845 4719 VJ.
1863 4665 1968 4735 etseq.

435 4772 448 4798 υ
470 4757 515 4806 tus
532 4749 568 4808 ad
583 4751 689 4823 optima
706 4757 736 4808 et
748 4749 869 4806 maxima
885 4765 1013 4824 quaeque
1028 4766 1046 4808 a
1063 4753 1123 4808 Deo
1137 4748 1243 4821 factm,
1257 4766 1304 4810 no·

435 4860 448 4884 υ
469 4848 530 4894 vem
549 4836 586 4894 ab
603 4837 669 4896 hinc
686 4853 790 4906 annos,
807 4853 873 4896 curn
892 4837 1103 4899 cardinalatum
1121 4848 1242 4912 gereret,
1255 4855 1305 4912 pro

435 4949 448 4974 a
469 4925 608 5000 singulari
622 4943 672 4984 sua
690 4927 826 5001 sapientia
843 4919 927 5001 atque
942 4927 1055 4988 assidua
1071 4936 1101 4986 et
1113 4936 1244 4986 accurata
1261 4943 1304 4986 sa·

435 5041 447 5064 =
469 5032 580 5076 crorum
594 5017 733 5076 librorum
749 5019 932 5086 tractatione,
943 5018 1043 5092 quanti
1058 5018 1126 5077 haec
1142 5035 1186 5077 res
1201 5017 1305 5092 ponde·

435 5129 447 5154 n
468 5105 506 5162 ris
521 5115 608 5177 esset,
628 5105 713 5180 proba
729 5106 907 5180 intelligens,
921 5107 1057 5181 Gregorio
1074 5109 1153 5166 xux
1172 5107 1301 5166 Pontifici

434 5219 447 5243 a
468 5196 612 5269 religionis
628 5204 657 5254 et
677 5195 806 5270 publicae
827 5196 958 5255 utilitatis
974 5195 1183 5256 nodosissimo
1205 5205 1303 5256 auctor

434 5311 446 5334 υ
467 5285 537 5356 fuit,
551 5296 583 5344 ut
597 5287 671 5345 hauc
685 5286 818 5346 Pontiflce
831 5285 1028 5360 dignissimam
1040 5287 1243 5361 cogitationem,
1255 5303 1303 5344 su·

434 5401 447 5425 υ
466 5376 600 5449 eriperet,
621 5375 853 5452 praeclarumque
872 5378 926 5436 boc
945 5376 1086 5436 Ecclesiae
1104 5384 1302 5435 oruamentum

433 5490 446 5516 n
467 5465 576 5524 diutius
598 5463 751 5524 desiderari
773 5481 809 5523 ne
833 5473 983 5540 pateretur.
1007 5464 1091 5538 Quod
1112 5464 1160 5522 illc
1182 5463 1302 5522 libenter

434 5582 445 5604 ι·
467 5556 583 5625 annuit,
601 5571 720 5628 eamque
740 5555 911 5629 provinciam
933 5555 1059 5614 trunto
1075 5553 1157 5614 card.
1173 5552 1302 5622 Careiae,

433 5671 445 5694 υ
468 5646 550 5706 cuius
569 5645 750 5720 prudentiae,
770 5645 941 5716 eruditioni,
959 5643 1025 5704 ildei
1045 5644 1118 5702 nilril
1140 5644 1209 5702 tanti
1234 5661 1304 5718 pou·

434 5763 445 5787 ι
467 5735 542 5796 deris
560 5745 636 5806 erat,
652 5735 729 5810 quod
750 5751 808 5792 non
828 5734 983 5792 rectissime
1001 5734 1238 5804 committeretur,
1255 5732 1302 5792 de-

433 5850 446 5875 n
469 5824 619 5885 mandavit.
642 5824 697 5884 Sed
721 5823 858 5895 Gregorio
881 5823 953 5880 viam
977 5823 1123 5881 universae
1145 5822 1238 5882 caruis
1259 5822 1304 5880 in·

434 5930 576 5986 ugrum.
600 5914 694 5976 Sixtus
715 5917 747 5974 V.
772 5929 883 5974 summo
909 5911 1052 5974 Ecclesiae
1074 5911 1150 5980 bono
1176 5911 1303 5972 Pouuicx

1483 4757 1521 4821 (t)
1539 4751 1632 4825 Pergit
1642 4751 1801 4810 Ghislerius
1814 4765 1973 4810 memorans
1984 4750 2103 4812 schedas
2116 4750 2152 4808 ab
2164 4750 2248 4822 Agel-

1378 4843 1417 4901 lio
1434 4841 1552 4916 scriptas
1569 4858 1619 4916 pm
1637 4858 1735 4916 graeca
1752 4841 1907 4900 Bibliomm
1923 4839 2064 4900 editione:
2081 4841 2134 4898 hoc
2146 4835 2247 4901 'autem

1376 4932 1437 4991 loco
1455 4930 1531 4990 baud
1546 4947 1782 5003 supervacaneum
1798 4931 1854 4989 erit
1871 4931 2032 4992 merniuisse
2043 4929 2154 4991 codices
2166 4946 2246 5004 grae·

1376 5038 1425 5080 cos
1451 5022 1481 5078 in
1507 5021 1632 5078 vaticana
1659 5020 1828 5080 bibliotheca
1856 5029 2035 5096 praenotatos
2061 5036 2141 5078 auur.
2169 5025 2246 5076 ttae.

1378 5117 1455 5168 1240.
1474 5098 1603 5167 exhibere
1621 5117 1719 5184 typum
1736 5111 1941 5168 correctionum
1960 5126 1975 5168 a
1994 5111 2105 5168 sixtiuis
2122 5125 2172 5183 pre
2191 5109 2246 5166 eis·

1374 5199 1438 5256 dem
1458 5198 1556 5257 aibttis
1574 5206 1765 5271 peractarum:
1779 5216 1812 5258 uc
1831 5208 1973 5274 praeterea
1994 5200 2025 5257 io
2043 5197 2184 5272 praedicta
2203 5195 2247 5254 bi·

1374 5288 1513 5347 bliotheca
1539 5290 1642 5348 servari
1669 5290 1811 5363 exemplar
1838 5288 1956 5348 sixtinae
1984 5287 2116 5348 editionis
2141 5289 2248 5348 Veteris

1375 5377 1546 5436 Testamenti
1564 5379 1671 5453 graeci,
1690 5381 1774 5438 cuius
1791 5380 1821 5436 in
1841 5377 1935 5436 leonte
1952 5381 2089 5452 scriptum
2108 5378 2246 5452 legimus:

1373 5467 1419 5526 At
1441 5467 1637 5527 illustrissimo
1658 5468 1753 5529 Carti.
1776 5465 1894 5540 carafa
1915 5469 2040 5528 denotas
2062 5473 2100 5526 D.
2120 5471 2248 5526 Antonio

1375 5563 1385 5626 (
1395 5555 1524 5628 Agellio)
1539 5563 1665 5632 propter
1683 5561 1743 5614 etas
1764 5556 1895 5614 lotorem
1915 5561 1946 5614 et
1964 5558 2148 5630 diligentiam
2167 5573 2247 5614 sum·

1374 5651 1458 5722 ptam
1475 5649 1506 5704 tn
1523 5663 1556 5704 ec
1574 5647 1761 5721 corrigerem
1774 5645 1850 5719 quud
1864 5645 1944 5720 apud
1962 5646 2136 5706 Gbislsrium
2153 5645 2247 5704 miuus

1374 5745 1502 5796 accurate
1516 5744 1697 5794 memoratur.
1712 5737 1786 5794 Petri
1802 5743 1897 5795 auum
1908 5737 2013 5794 Morini
2029 5732 2184 5796 adversaria
2197 5751 2247 5809 pro

1375 5823 1473 5885 eadem
1493 5825 1617 5884 editiora
1636 5823 1744 5896 digesta
1762 5832 1871 5884 exstant
1888 5823 1919 5882 iu
1938 5823 2106 5885 biblicum
2125 5823 2247 5882 vallicel·
2327 5833 2329 5836 ·

1374 5915 1449 5996 linus
1468 5915 1504 5970 ii.
1518 5916 1552 5970 v.
1567 5919 1593 5969 t.
1608 5920 1634 5972 a.
1648 5919 1674 5972 t.
