4830 6678
873 335 1189 413 ruotuuouettt
1824 330 1937 406 xtvtt

130 524 148 566 s
168 505 363 598 quatuor:
387 505 428 568 et
454 503 546 596 post
567 487 724 568 obitum
748 488 933 595 Gregorii
956 507 998 570 et
1019 487 1262 584 Innocentii,
1286 483 1469 566 Clemens
1488 482 1597 562 Vlll.
1618 480 1745 563 edidit
1768 482 1938 565 Bibliam

130 615 412 721 »recognitam
439 611 516 692 sub
545 611 708 692 nomine
735 613 855 709 Sixti,
880 641 973 693 oum
1000 611 1268 720 praefatione,
1294 635 1416 716 quarn
1445 605 1549 688 idem
1576 606 1628 686 N.
1656 609 1935 716 composuit.»

965 793 1001 894 g.
1028 791 1119 872 xv,

276 951 540 1062 Expenditur
563 951 683 1060 qaid,
709 953 829 1032 iuxta
857 951 1179 1046 Bellarminum,
1201 950 1339 1055 fuerit
1367 950 1412 1028 in
1441 947 1589 1030 Bibliis
1615 950 1786 1028 siatinis

696 1103 909 1185 perpetum
937 1092 975 1154 et
1004 1076 1111 1155 male
1139 1091 1359 1154 mutatum.

229 1243 331 1318 Sunt
357 1236 555 1345 quaedam
578 1236 622 1314 in
649 1236 763 1318 allata
786 1236 1012 1326 Bellarmini
1036 1235 1200 1328 notitia,
1222 1261 1347 1342 quae,
1369 1234 1471 1341 quin
1493 1235 1534 1312 in
1557 1235 1605 1312 iis
1629 1233 1831 1340 paulisper
1854 1259 1939 1314 mo·

128 1391 277 1458 remur,
302 1361 510 1470 praeteriri
533 1376 753 1468 nequeant.
780 1361 992 1446 Enimvero
1015 1358 1113 1440 dicit
1135 1358 1222 1455 ille,
1243 1359 1361 1438 fuisse
1379 1360 1422 1438 in
1447 1357 1675 1438 huiusmodi
1695 1357 1833 1438 Bihtiis
1853 1383 1940 1465 pen·

127 1487 258 1567 malta
283 1513 493 1594 perperam
522 1501 710 1574 tentata·
736 1483 881 1564 deinde
908 1485 1054 1567 honori
1082 1483 1180 1562 Sixti
1204 1480 1255 1560 V.
1285 1483 1510 1562 consultum
1538 1484 1607 1578 iri,
1636 1484 1675 1562 si
1701 1483 1941 1563 tollerentur

125 1639 227 1719 qaae
256 1610 365 1687 male
393 1625 554 1688 mutata
581 1621 711 1686 eraut.
738 1607 968 1688 Verendum
996 1607 1123 1688 estin
1152 1607 1290 1714 primis
1313 1634 1364 1686 ne
1387 1607 1487 1686 Sixti
1516 1605 1616 1685 fama
1641 1607 1683 1684 in
1707 1633 1754 1684 ea
1782 1633 1825 1686 ne
1853 1607 1940 1716 opi·

125 1736 245 1816 aione
272 1733 427 1841 aliquot
454 1734 630 1813 virorum
658 1749 837 1826 tantum,
865 1759 948 1812 non
976 1729 1198 1811 secundum
1220 1731 1423 1811 veritatem
1448 1729 1680 1810 labefactata
1704 1728 1844 1827 fuerit;
1869 1729 1941 1812 de-

124 1858 216 1940 inde
244 1885 363 1953 vero,
384 1856 578 1964 quoniam
603 1883 676 1963 per
699 1856 879 1936 iteratam
903 1854 1219 1938 emendationem
1243 1883 1265 1934 a
1287 1855 1522 1964 gregoriana
1540 1855 1860 1963 Congregatiune
1883 1855 1941 1936 fa·

124 1981 305 2064 ciendam
334 1979 531 2060 abolenda
559 1996 643 2060 emt
671 1981 814 2060 sixtina
843 1981 955 2087 prior
981 1980 1105 2062 editio
1132 1979 1278 2060 alicubi
1306 1982 1383 2060 iam
1416 1997 1538 2077 nota,
1570 1980 1648 2060 hoc
1676 1981 1793 2060 etiam
1820 1997 1940 2088 pacto

125 2109 220 2188 baec
248 2104 576 2214 proscribebatur
602 2121 641 2183 et
663 2121 769 2186 certe
796 2106 929 2184 honor
949 2105 1051 2185 Sinti
1074 2105 1126 2183 V.
1153 2133 1236 2184 non
1259 2132 1331 2212 per
1354 2106 1432 2184 hoc
1459 2104 1503 2182 in
1530 2121 1618 2186 tuto
1647 2105 1799 2212 positus
1820 2104 1941 2186 fuisse

124 2230 305 2327 ridetur,
329 2229 423 2310 licet
450 2256 555 2309 nova
583 2225 834 2325 emendatio,
862 2231 904 2308 in
933 2230 1136 2338 plerisque
1163 2230 1237 2308 alia
1264 2258 1287 2308 a
1315 2257 1388 2310 sua
1415 2228 1613 2329 editione,
1639 2230 1764 2337 ipsius
1791 2257 1939 2312 nomen

124 2357 163 2438 in
184 2356 322 2436 fronte
345 2365 513 2462 gereret.
537 2352 615 2434 Sed
639 2357 736 2432 haec
758 2352 893 2432 obiter
911 2352 1034 2434 dicta.
1059 2353 1161 2434 lllud
1184 2354 1432 2461 quaerimus,
1456 2383 1507 2434 an
1531 2355 1734 2462 perillam
1757 2353 1942 2464 proposi·

122 2481 271 2562 tionem
291 2505 396 2587 quae
419 2479 547 2574 male,
572 2503 678 2586 quae
701 2505 911 2586 perperam
937 2495 1098 2559 mutata
1121 2496 1237 2558 erant
1254 2479 1533 2586 typographus
1558 2495 1741 2575 notetur,
1763 2507 1815 2559 an
1836 2477 1941 2560 idem

122 2604 305 2686 Pontifex
329 2605 402 2709 (1).
424 2603 577 2682 Verum
596 2600 759 2709 quidem
779 2619 838 2681 est
865 2629 1049 2709 expresse
1068 2619 1154 2682 tum
1177 2602 1221 2680 in
1244 2602 1516 2708 suprullegatis
1538 2601 1766 2684 Bellarmini
1789 2602 1938 2698 verbis,

122 2747 206 2808 tum
227 2730 270 2806 in
289 2725 485 2808 hodierna
507 2723 699 2831 Vulgatae
718 2724 965 2832 praefatione
984 2727 1201 2820 contineri,
1220 2727 1304 2804 noa
1318 2755 1459 2834 pauca
1472 2727 1610 2833 praeli
1627 2727 1721 2804 vitio
1741 2728 1942 2835 irrepsisse

120 2855 171 2933 in.
189 2853 336 2933 sixtina
361 2850 559 2946 editione,
584 2878 689 2958 qaae
716 2851 860 2930 iterata
881 2849 1097 2958 diligentia
1122 2849 1298 2958 indigere
1320 2849 1567 2945 uiderentur,⁸
1591 2865 1632 2930 at
1656 2877 1705 2929 ex
1726 2877 1808 2929 una
1828 2867 1944 2958 parte

121 2977 236 3086 quod
264 2978 331 3056 hic
358 2977 476 3056 unice
503 2975 767 3082 typographis
793 2976 1034 3085 imputatur,
1062 2976 1144 3056 illie
1171 2993 1212 3056 et
1238 2975 1583 3084 typographorum
1612 2993 1651 3056 et
1678 2973 1857 3056 aliorum
1884 3001 1942 3054 en-

122 3105 281 3184 mribus
308 3101 522 3198 tribuitur;
553 3129 602 3182 ex
631 3101 706 3181 alia
735 3127 830 3180 vero
859 3127 1079 3208 numquam
1108 3101 1247 3180 melius
1274 3101 1350 3180 hac
1379 3101 1421 3178 in
1449 3127 1494 3179 re
1521 3101 1728 3180 veritatem
1756 3125 1942 3208 esseque

121 3255 236 3325 mur,
266 3253 387 3333 quam
416 3226 448 3305 si
473 3253 498 3305 a
525 3225 631 3306 facto
660 3226 750 3331 ipso
777 3251 840 3304 res
868 3223 1089 3304 iudicetur:
1122 3224 1155 3304 si
1182 3251 1326 3332 nempe
1353 3225 1501 3304 sixtina
1528 3220 1705 3307 editione
1733 3223 1943 3332 diligenter

119 3353 301 3462 inspecta
329 3351 503 3458 primum
526 3350 567 3428 in
589 3376 650 3444 se,
672 3347 819 3430 deinde
846 3376 1055 3430 varocum
1081 3350 1264 3457 sequenti
1290 3349 1526 3430 clementina
1548 3366 1796 3456 cotnpurata,
1822 3349 1943 3430 ratio-

120 3505 189 3558 nes
218 3475 500 3556 subducantur
524 3491 562 3554 et
586 3472 723 3581 quoad
750 3475 1041 3584 typographica
1069 3473 1233 3571 nretrda,
1260 3492 1299 3554 et
1324 3471 1460 3581 quoad
1484 3472 1674 3554 lectiones
1697 3502 1719 3552 a
1742 3473 1853 3556 Sixto
1880 3475 1942 3556 vel

118 3617 304 3710 receptas
327 3600 386 3679 vel
409 3602 668 3707 proscriptas.
693 3600 743 3678 Et
765 3599 956 3706 quoniam
981 3615 1141 3679 nostrae
1165 3599 1331 3678 huiusce
1354 3597 1578 3676 collationis
1600 3599 1722 3704 caput
1740 3614 1800 3677 est
1821 3615 1944 3706 atque

119 3753 299 3822 summa,
323 3723 515 3806 lectorum
544 3723 671 3804 oculis
699 3723 891 3804 exhibere
918 3723 1020 3833 quid
1047 3724 1179 3804 sixtini
1209 3739 1452 3804 correctores
1474 3721 1705 3831 paraverint
1730 3749 1808 3830 pro
1836 3739 1943 3806 recta

120 3849 322 3958 Vulgatae
353 3847 638 3954 corrigendae,
671 3849 781 3928 iuxta
808 3867 980 3930 mentem
1008 3850 1215 3957 ipsorum,
1248 3849 1428 3947 ratione3
1460 3847 1563 3955 quid
1590 3845 1752 3954 elegerit
1778 3847 1940 3946 Sixtus,

121 3975 224 4082 quid
258 3974 471 4083 respuerit3
499 3972 598 4081 quid
629 3968 805 4082 denique
829 4002 879 4053 ex
903 3990 1167 4084 utrorumque
1191 3975 1328 4057 labore
1357 3973 1571 4082 profecerit
1597 3971 1834 4054 clementina
1861 3975 1943 4056 edi-

121 4101 197 4199 tio,
227 4099 413 4208 quidque
439 4096 620 4180 utilitatis
641 4115 845 4207 praeterea
869 4098 996 4180 eidem
1020 4099 1207 4183 accedere
1230 4103 1447 4207 potuisset;
1471 4129 1521 4180 ex
1546 4125 1626 4205 qua
1651 4098 1817 4206 quidem
1837 4125 1942 4182 com-

119 4227 334 4330 paratione
362 4223 532 4303 sixtinae
559 4221 746 4305 editionis
773 4240 936 4320 natura,
965 4253 1148 4332 magnam
1175 4243 1352 4333 partem,
1381 4226 1605 4304 innoteseat
1631 4235 1813 4332 oportet,
1843 4253 1943 4308 non-

119 4348 233 4428 nulla
257 4365 412 4428 tantum
432 4348 513 4428 huc
532 4345 675 4431 afferre
698 4351 877 4432 contenti
897 4349 1043 4430 erimus
1061 4348 1111 4430 ad
1129 4367 1292 4430 sensum·
1308 4350 1468 4430 illorum
1485 4343 1701 4428 verborum
1719 4349 1943 4434 eruendum

115 4501 333 4584 perperam
365 4489 544 4568 mutata,
573 4475 681 4554 male
710 4491 885 4556 mutata.
913 4474 955 4555 Si
983 4475 1167 4584 quaestio
1194 4478 1245 4556 sit
1271 4474 1323 4555 de
1351 4471 1504 4554 mendis
1531 4473 1819 4580 impressionis,
1847 4476 1944 4557 haec

119 4626 206 4679 non
238 4616 337 4679 sunt
363 4599 468 4678 ultra
496 4627 610 4678 num.
636 4601 723 4680 xl..
749 4603 854 4680 inter
880 4600 943 4682 bis
971 4601 1098 4698 mille,
1124 4601 1285 4708 triginta
1314 4617 1493 4710 quatuor
1520 4625 1642 4707 super
1669 4617 1830 4680 centum
1858 4603 1944 4682 loca

118 4753 229 4831 quae
259 4724 465 4806 immutata
498 4723 663 4824 fuerunt
693 4725 736 4806 in
767 4723 941 4807 editione
973 4727 1224 4806 clementina.
1253 4727 1379 4806 Porro
1415 4725 1580 4829 triginta
1612 4725 1771 4804 circiter
1801 4753 1851 4805 ex
1884 4729 1946 4806 his

118 4848 282 4930 mendis
309 4850 385 4930 iam
413 4845 546 4930 Sixtus
574 4849 793 4931 abstulerat
819 4851 941 4932 modo
968 4879 1090 4960 supra
1117 4850 1336 4957 explicat03
1362 4848 1471 4929 unde
1500 4865 1708 4930 remanent
1735 4852 1864 4931 solum
1889 4853 1942 4931 X.

118 4975 306 5072 circiter,
332 5003 407 5057 nee
430 4977 565 5058 omnia
588 5005 754 5084 prorsus
776 4995 903 5078 certa;
929 5005 1018 5058 oum
1049 5005 1070 5057 e
1098 4975 1300 5058 contrario
1329 4975 1372 5054 in
1399 4973 1537 5054 Bibliis
1563 4974 1811 5056 clementinis
1834 4978 1945 5058 iuxta

236 5225 278 5290 (t)
294 5222 353 5280 Nee
370 5223 447 5281 enim
467 5237 564 5282 eornm
586 5223 741 5298 probabilis
760 5224 870 5284 ridetur
890 5234 1004 5286 mutec-
1077 5227 1275 5304 typographiae
1291 5226 1436 5284 vaticanae
1455 5225 1583 5299 proprios
1605 5231 1775 5282 conecteree
1793 5223 1946 5297 adscripse-

120 5311 179 5380 tia,
197 5311 375 5384 quiritium
393 5313 507 5386 praelt,
525 5313 632 5389 dequo
656 5313 781 5388 loquitur
800 5315 1004 5388 Bellarmious,
1076 5320 1130 5390 rit,
1147 5326 1242 5376 tamen
1261 5332 1350 5390 quum
1371 5331 1452 5374 suam
1472 5315 1628 5380 Bibliorum
1649 5311 1800 5372 editionem
1817 5315 1946 5388 propria

120 5398 233 5474 duplex
252 5400 342 5460 foisse
359 5401 548 5462 mutandum:
565 5426 579 5454 ι
594 5404 721 5463 tltemm
741 5419 843 5478 nempe
859 5407 1007 5464 mactent·
1078 5425 1184 5480 manu,
1202 5415 1236 5466 ut
1254 5407 1372 5481 ipsemet
1389 5407 1483 5466 sixtus
1502 5413 1637 5476 testatur,
1658 5405 1851 5480 castigaverit,
1872 5412 1947 5462 recte

118 5514 134 5540 ν
155 5507 250 5561 eam,
268 5491 346 5565 qood
368 5493 512 5566 spectabat
531 5493 568 5552 ad
588 5495 776 5570 typographos
798 5503 878 5571 typos
897 5495 1005 5554 littere·
1076 5497 1258 5571 Uagarellius
1279 5499 1378 5556 asserit
1394 5495 1477 5554 rerba
1496 5494 1660 5554 Bellarmini
1678 5495 1721 5554 rel
1742 5493 1945 5570 typographum

122 5605 135 5628 ι
156 5597 228 5639 rora
253 5591 440 5655 pervertentes
459 5592 489 5642 et
508 5593 732 5654 commutantem
751 5585 872 5644 alterum
893 5585 1004 5642 metru-
1076 5585 1119 5643 ret
1130 5585 1293 5644 Pontificem
1311 5594 1418 5644 notare.
1433 5582 1534 5658 Quoad
1546 5591 1652 5644 eeteros
1666 5583 1716 5660 qui
1730 5582 1890 5642 existimant
1904 5581 1947 5639 rel

120 5694 134 5719 ι
156 5669 249 5739 nate,
263 5668 341 5742 qood
356 5671 502 5743 spectabat
515 5673 551 5731 ed
566 5674 648 5743 illos,
661 5675 709 5748 qui
725 5673 820 5747 praelo
834 5673 963 5732 runcano
978 5680 1008 5732 et
1077 5674 1186 5733 Sirturn
1209 5691 1290 5733 suam
1311 5674 1464 5733 editionem
1485 5689 1542 5733 non
1563 5669 1947 5748 perincursurum

122 5785 134 5808 ι
155 5761 224 5818 eius
243 5757 417 5820 &donibus
433 5762 756 5836 mortuummare
771 5763 1001 5822 entnstrunv.
1075 5764 1283 5838 pmeertpstree,
1294 5764 1336 5822 nit
1354 5771 1397 5823 est
1416 5779 1469 5822 aar
1485 5764 1565 5836 plura
1577 5763 1670 5832 lector
1686 5785 1702 5830 a
1719 5761 1802 5826 nobis
1813 5761 1947 5834 requirat.
