4684 6676
506 481 575 554 ltl
715 499 717 504 ’
1205 467 1581 546 conculcem

507 631 622 732 »quia
646 653 713 704 uon
734 639 850 700 extant
869 624 905 698 in
928 637 1019 698 textu
1043 619 1205 710 hebraeo,
1225 620 1279 696 vel
1303 647 1359 696 sa-
1433 621 1533 723 sequi
1549 645 1732 722 possumus
1746 616 1951 718 ll'mgensem
1966 617 2051 692 dum
2064 615 2146 692 illud
2158 645 2193 692 ex
2203 619 2258 696 llis

507 745 723 820 emeritano:
746 767 812 816 non
835 741 870 814 in
895 739 1113 816 translatione
1134 738 1229 812 ttttt.
1247 739 1360 812 senio-
1434 764 1496 812 sae
1515 737 1730 811 lectiortoriis
1755 735 1893 836 repetit:
1916 759 2124 836 quamquam
2148 733 2258 809 latemur

507 887 634 947 »rum;
658 884 769 959 neque
793 857 883 958 apud
910 856 996 930 alios
1023 855 1242 955 interpretes,
1266 853 1361 928 chal·
1436 851 1472 924 id
1493 879 1514 926 a
1533 851 1689 950 liturgiae
1707 849 1786 926 stilo
1807 849 1900 923 baud
1925 849 2121 924 abhorrere.
2136 848 2259 949 lleniqne

507 975 664 1050 »dacum
692 990 794 1074 puta,
823 999 939 1074 symm
967 988 1001 1044 et
1027 970 1176 1046 arabem.
1205 970 1360 1069 Denique
1436 967 1530 1069 quod
1550 967 1702 1042 additum
1727 965 1852 1042 dicitur
1870 965 1914 1038 ab
1938 962 2057 1065 aliquo
2082 991 2122 1039 ex
2141 965 2260 1065 antiquis

508 1105 725 1192 »supersunt
740 1088 853 1164 adhuc
870 1087 966 1164 latini
982 1086 1166 1160 Bibliomm
1187 1109 1360 1160 sacrorum
1437 1082 1555 1158 latinis
1575 1081 1833 1182 interpretibus,
1855 1097 1925 1154 tum
1945 1079 2041 1154 nullo
2062 1079 2213 1180 probabili
2228 1099 2260 1156 te

508 1206 676 1282 »codices
705 1205 852 1304 optimae
877 1219 995 1290 notae,
1021 1196 1063 1274 in
1086 1199 1212 1300 quibus
1237 1197 1362 1272 absunt
1438 1197 1598 1272 stimonio
1618 1197 1852 1284 confirmatur,
1873 1213 1942 1269 tum
1965 1194 2084 1271 multis
2107 1196 2260 1270 rationibus

509 1347 632 1424 aquae
653 1319 805 1396 ineditis
825 1317 999 1393 abundare
1017 1315 1186 1390 videntur.
1199 1344 1217 1384 a
1230 1313 1362 1386 llartia·
1438 1313 1531 1388 reiici
1552 1329 1674 1414 potest.
1692 1314 1730 1386 ln
1752 1313 1818 1388 hac
1837 1327 1950 1386 autem
1971 1311 2168 1412 quaestione
2184 1313 2260 1386 multo

508 1464 592 1514 naeo
611 1437 800 1536 praeiverat
813 1434 983 1522 Oleaster,
999 1431 1059 1532 qui
1080 1432 1114 1504 in
1133 1429 1170 1504 h.
1183 1428 1207 1502 l.
1224 1428 1357 1504 scribit:
1438 1428 1574 1504 lacilius
1589 1444 1642 1503 est
1657 1427 1799 1504 aliorum
1817 1428 2000 1502 sententias
2017 1427 2261 1527 relutare,qnen

510 1553 688 1640 «Quidam
721 1567 840 1650 putant
864 1548 1041 1646 Vulgatum
1073 1546 1156 1620 haec
1186 1542 1363 1618 addidisse
1439 1570 1544 1620 novas
1563 1543 1770 1644 easdemque
1791 1541 2034 1643 probabiliores
2056 1542 2207 1640 ingerere.
2219 1545 2262 1615 lio

509 1666 734 1768 »explicandi
756 1665 876 1764 gratia.
898 1661 1065 1738 Possibile
1089 1661 1191 1735 etiam
1212 1675 1264 1733 est
1285 1683 1362 1731 eum
1438 1660 1493 1736 bis
1512 1661 1650 1761 quidem
1670 1660 1739 1734 lere
1756 1685 1895 1734 suasum
1916 1675 1969 1733 est
1985 1657 2157 1756 glossema
2173 1657 2200 1730 in
2216 1657 2262 1731 illis

493 1767 526 1853 'a
543 1783 628 1858 haec
648 1783 683 1854 in
704 1780 819 1880 aliqua
843 1778 1020 1854 chaldaica
1042 1775 1243 1875 paraphrasi
1266 1773 1365 1870 legis·
1438 1777 1553 1853 verbis
1573 1775 1694 1864 latere,
1710 1776 1801 1877 quod
1819 1775 1873 1850 rel
1892 1803 1933 1849 ex
1951 1775 2068 1876 aliqua
2086 1775 2182 1848 veteri
2198 1773 2263 1846 litor

510 1930 528 1970 a
546 1925 596 1974 se.
609 1900 694 1971 Sunt
709 1915 820 1971 tamen
835 1893 1002 1996 quaedam
1020 1891 1124 1964 latina
1139 1889 1360 1990 exemplaria,
1440 1894 1516 1992 gioa
1531 1891 1692 1982 formula,
1704 1892 1757 1968 vel
1772 1919 1813 1966 ex
1829 1892 1979 1967 cuiusvis
1996 1891 2146 1968 auctoris
2162 1891 2262 1988 ingenio

511 2046 528 2084 a
547 2016 581 2086 in
602 2013 726 2114 quibus
744 2012 829 2086 baec
847 2037 915 2085 non
935 2008 1114 2082 habentur.
1130 2035 1148 2077 a
1165 2008 1271 2080 Lucas
1287 2006 1366 2078 Bru·
1440 2023 1550 2082 ortum
1567 2007 1702 2095 babuit3
1719 2007 1879 2109 quodque
1898 2007 1942 2082 ad
1960 2007 2063 2081 Dent.
2074 2006 2207 2091 xxvttt,
2220 2006 2260 2074 ll.

510 2132 627 2228 gensis
646 2129 738 2204 hunc
755 2127 865 2202 locum
884 2124 1051 2200 recensuit
1069 2124 1156 2196 inter
1173 2121 1266 2210 illos,
1283 2119 1361 2220 qni,
1442 2123 1592 2198 alludere
1615 2123 1760 2199 videtur.
1775 2123 1896 2197 Verum
1921 2123 1956 2196 id
1979 2124 2096 2223 ipsum
2121 2122 2262 2194 adfirmare

509 2274 548 2320 ex
575 2247 649 2320 eius
672 2242 859 2329 sententia,
882 2239 1148 2314 emendationem
1174 2236 1286 2311 adhuc
1314 2261 1366 2308 re-
1442 2264 1508 2313 non
1528 2239 1707 2313 audemus.
1724 2239 1768 2312 m
1791 2239 1821 2312 si
1843 2240 1928 2314 baec
1952 2241 1999 2313 ita
2020 2265 2060 2313 se
2080 2237 2207 2324 hebent,
2223 2261 2263 2308 cnr

509 2363 664 2462 quirunt;
686 2359 888 2459 subditque:
908 2355 1082 2442 «Quidam
1104 2369 1224 2454 putant
1249 2351 1284 2425 id
1309 2376 1366 2425 ac-
1439 2355 1603 2454 postremi
1631 2353 1760 2429 romani
1785 2371 1990 2430 correctores
2020 2355 2080 2428 illa
2103 2353 2197 2428 rerba
2217 2377 2265 2424 sen

511 2491 677 2577 »ceptum
697 2475 805 2549 luisse
819 2499 859 2546 ex
877 2470 1020 2573 epistola
1040 2471 1143 2544 leriae
1158 2483 1273 2543 sextae
1290 2482 1368 2566 post
1440 2469 1587 2545 varuntl
1603 2471 1788 2547 Censorem
1809 2471 2023 2572 prudentiam
2052 2471 2169 2545 iisdem
2189 2469 2262 2540 ratio

512 2592 750 2668 »dominicam
772 2591 903 2664 tertiam
925 2586 1230 2684 Quadrageeimae:
1244 2599 1282 2657 ut
1302 2581 1367 2658 col·
1442 2584 1543 2660 nibus
1565 2585 1806 2660 vindicandam
1831 2587 2004 2675 ducimus,
2028 2611 2117 2686 quas
2140 2583 2261 2684 superins

512 2740 531 2778 n
547 2708 652 2782 lector
679 2705 897 2808 epistolarum
926 2702 1111 2803 aliquando
1141 2699 1284 2787 omittit,
1304 2696 1367 2772 ali·
1442 2699 1602 2774 insimili
1624 2726 1748 2775 caussa
1769 2701 1812 2774 ad
1828 2701 1915 2787 lllll,
1932 2703 1968 2774 2.
1985 2700 2190 2800 protulimus.
2204 2699 2263 2768 lnte·

514 2855 531 2894 n
548 2824 685 2922 quando
704 2821 800 2894 addit
817 2818 954 2892 aliunde
971 2816 1152 2917 quaedam.
1167 2845 1185 2885 a
1201 2813 1253 2886 (ll.
1269 2814 1368 2886 Nata·
1442 2818 1506 2890 rim
1525 2819 1704 2892 audiamus
1719 2817 1888 2892 Toletum:
1904 2817 2025 2891 «llaec
2040 2816 2141 2892 verba
2154 2840 2208 2887 non
2225 2811 2263 2882 la

511 2939 553 3012 lis
576 2935 765 3012 Alexander
782 2935 875 3008 Hist.
894 2933 1020 3006 Ecclea.
1039 2958 1104 3006 sec.
1120 2930 1182 3004 Il'.
1203 2929 1284 3002 dies.
1299 2932 1364 3002 39.
1445 2931 1602 3007 »bantur
1625 2933 1660 3006 in
1686 2932 1848 3020 hebraeo,
1869 2957 2006 3030 graeco,
2023 2929 2169 3032 Compl,
2186 2930 2260 3024 leg..

511 3069 576 3128 ort.
598 3055 670 3139 Vt,
688 3049 860 3126 De-llossi
883 3049 923 3122 dc
940 3049 1088 3148 proecip.
1104 3073 1213 3122 cauas.
1229 3073 1268 3144 p.
1286 3054 1364 3128 99„
1446 3074 1543 3123 »nec
1567 3048 1602 3122 in
1624 3048 1755 3149 aliquot
1774 3074 1881 3136 mss.;
1903 3049 1980 3122 ideo
1999 3048 2094 3148 prior
2113 3046 2263 3140 Congrege-

511 3168 695 3244 vallarsius
713 3168 771 3253 lx,
789 3168 872 3238 tet.
890 3165 997 3262 lgitur
1014 3191 1118 3264 quum
1137 3187 1248 3262 neque
1265 3161 1299 3234 in
1318 3186 1370 3234 sa·
1445 3164 1528 3239 »tio
1547 3164 1701 3239 abstulit.
1720 3166 1844 3238 'lamen
1868 3180 1949 3238 sunt
1968 3164 2003 3237 iu
2027 3163 2145 3240 Ordin.
2164 3175 2192 3232 et
2207 3155 2262 3230 aliis

511 3312 568 3360 cro
586 3301 695 3372 textu,
710 3309 821 3383 neque
837 3282 874 3354 in
892 3279 963 3355 ullo
980 3307 1021 3355 ex
1038 3279 1188 3380 antiquis
1209 3278 1369 3377 interpre·
1446 3306 1567 3354 amsa.
1591 3297 1625 3354 et
1651 3279 1766 3354 multis
1791 3280 1981 3380 impressis.
2005 3277 2181 3354 Abulensis
2205 3272 2263 3345 dicit

513 3401 604 3476 tibus
616 3399 722 3476 huius
736 3397 954 3472 additamenti
970 3395 1149 3494 vestigium
1166 3394 1365 3493 reperiatur,
1446 3398 1566 3474 »baec
1587 3423 1654 3473 non
1674 3398 1792 3472 baberi
1814 3398 1851 3470 in
1872 3397 2033 3486 hebraeo,
2055 3414 2161 3471 tamen
2182 3389 2262 3491 positu

357 3533 361 3543 '
514 3541 687 3618 quumque
712 3514 800 3589 idem
825 3511 869 3586 ab
893 3511 1039 3611 optimae
1060 3525 1159 3586 notae
1178 3510 1296 3585 latinis
1313 3535 1370 3584 co-
1446 3547 1464 3583 ιι
1481 3541 1560 3591 asse
1586 3514 1631 3590 ab
1656 3515 1839 3615 interprete
1863 3541 1905 3588 ex
1931 3513 2085 3614 antiquis
2111 3505 2262 3584 emulatio

512 3632 644 3708 dicibus
663 3630 771 3718 absit,
789 3629 908 3706 merito
925 3629 968 3702 de
986 3627 1139 3702 eiusdem
1158 3627 1290 3724 origine
1310 3624 1370 3701 do-
1447 3630 1602 3718 nnibns,
1624 3647 1659 3704 et
1684 3629 1821 3730 quidem
1851 3628 2106 3703 rationabiliter.
2133 3621 2262 3699 Posterior

512 3746 655 3822 ctissimi
677 3745 741 3818 viri
763 3743 972 3818 dubitarunt.
992 3741 1206 3843 Compertum
1232 3742 1370 3843 quidem
1447 3745 1705 3845 »Congregatio
1720 3771 1762 3820 ea
1775 3743 2080 3846 reliquituNeque
2095 3755 2261 3845 praetereun-

514 3879 566 3938 est
587 3861 646 3937 illa
664 3859 767 3936 verba
789 3859 907 3936 saltem
930 3885 952 3934 a
973 3857 1089 3935 seculo
1107 3860 1149 3932 X.
1166 3884 1275 3958 paene
1295 3858 1370 3932 uni·
1446 3859 1527 3935 dum
1549 3878 1602 3936 est
1627 3861 1845 3961 posteriorem
1872 3861 1962 3936 banc
1982 3857 2260 3960 congregationem.

514 4004 631 4054 versos
653 3977 776 4052 latinos
798 3975 935 4050 codices
955 4001 1157 4076 occupasse,
1174 3974 1251 4050 illos
1275 4000 1372 4074 prae·
1447 4001 1509 4050 seu
1539 3976 1794 4074 gregorianam,
1819 3979 1854 4048 in
1886 3977 1962 4050 eod.
1985 3971 2184 4050 columnensi
2204 3963 2260 4039 seri·

514 4095 650 4183 sertim,
674 4093 733 4194 qui
759 4091 802 4166 ab
834 4092 1027 4167 alcuiniana
1057 4091 1256 4168 recensione
1289 4116 1372 4190 pen·
1448 4092 1576 4192 psisse:
1597 4093 1700 4166 «Non
1720 4091 1848 4166 babent
1871 4091 2056 4182 hebraeus,
2076 4111 2213 4190 graecus,
2229 4079 2260 4150 lt·

515 4212 612 4299 deut;
624 4209 716 4285 unde
731 4224 765 4282 et
778 4209 869 4310 apud
886 4210 1018 4284 Petrum
1033 4207 1274 4294 ttamcxttv,
1285 4207 1369 4279 tto.
1450 4238 1468 4280 a
1485 4209 1545 4283 tini
1556 4236 1563 4296 ;
1575 4207 1742 4308 quaedam
1757 4233 1841 4282 mss.
1854 4223 1982 4284 tantum
1999 4209 2133 4283 babent.
2145 4195 2261 4273 »Eadem

515 4327 710 4402 laudantur.
727 4325 769 4400 dt
784 4351 931 4427 quanam
949 4324 1095 4414 ratione,
1111 4349 1222 4424 quone
1238 4338 1374 4399 auctore
1449 4324 1484 4398 in
1511 4324 1651 4399 schedis
1671 4322 1791 4422 Angeli
1816 4324 1925 4400 lleeca
1948 4325 2115 4424 leguntur.
2134 4320 2261 4392 Novcrttl

515 4442 550 4518 id
568 4444 694 4517 lactum
713 4441 814 4516 luerit
833 4468 899 4516 non
916 4441 1014 4516 lacile
1031 4440 1168 4514 dixeris.
1185 4439 1298 4527 «Quis
1317 4465 1375 4514 au-
1449 4441 1564 4542 itaque
1594 4439 1723 4514 mmani
1752 4465 1911 4514 censores
1942 4441 2107 4515 mtionum
2135 4439 2261 4507 mouttlt

516 4591 534 4630 a
552 4577 636 4646 tem,
654 4558 767 4659 inquit
786 4559 984 4645 Caietanus,
1000 4558 1085 4632 baec
1110 4556 1281 4631 addiderit
1299 4555 1374 4630 vul·
1449 4581 1539 4656 qnae
1560 4554 1642 4630 binc
1662 4555 1743 4628 iude
1761 4555 1922 4630 militant:
1938 4555 2043 4629 immo
2069 4553 2190 4654 ipsimet
2207 4563 2260 4614 cen

518 4691 651 4775 agatae
676 4674 834 4762 editioni,
858 4674 1019 4748 nescitur.
1038 4701 1056 4742 a
1073 4671 1209 4748 lllorum
1240 4687 1375 4746 senten·
1451 4697 1546 4747 sores
1575 4669 1676 4745 modo
1707 4671 1816 4759 hanc,
1845 4671 1946 4746 modo
1978 4669 2072 4744 illam
2102 4655 2259 4741 senentiam

517 4792 581 4878 tia,
604 4790 663 4891 qui
689 4789 755 4864 hoc
780 4788 1046 4864 additamentum
1071 4813 1112 4862 ex
1134 4788 1284 4888 antiquis
1307 4805 1375 4862 tar-
1451 4788 1587 4890 sequuti
1618 4803 1710 4863 sunt.
1735 4786 1835 4862 Nulla
1862 4787 1954 4862 enim
1982 4786 2102 4861 adesse
2126 4773 2261 4855 videbatur

517 4904 644 5002 gumim
661 4905 850 4980 derivatum
863 4921 1084 4992 censuemnt,
1100 4905 1200 4980 nobis
1217 4931 1283 4979 non
1300 4929 1376 5003 pro·
1451 4903 1607 4978 absoluta
1637 4903 1721 4978 ratio
1752 4925 1841 5004 quae
1870 4929 1973 4976 unam
2005 4928 2087 5002 prae
2113 4897 2171 4972 alia
2195 4898 2259 5006 ΡΜ.

518 5020 635 5106 batum
652 5018 746 5094 nullo
761 5019 851 5094 enim
870 5020 992 5095 idoneo
1007 5037 1204 5119 argumento
1222 5019 1370 5096 lnlcitur.
1450 5019 1588 5096 omnino
1612 5035 1757 5118 urgeret.
1782 5019 1936 5094 Attamen
1962 5018 2056 5117 quod
2080 5044 2117 5092 ex
2139 5003 2259 5084 dbfllffll'

517 5133 689 5234 llultoque
704 5134 819 5208 minus
838 5134 992 5210 Cornelio
1010 5162 1031 5210 a
1051 5135 1176 5237 Lepide
1192 5136 1376 5212 concedere
1452 5135 1591 5237 pmtulit
1606 5135 1760 5224 Toletus,
1776 5135 1917 5238 probare
1938 5161 2004 5210 non
2020 5149 2200 5236 possumus,
2213 5133 2259 5238 top

517 5277 700 5352 possumus
727 5250 971 5352 Hieronymum
1003 5252 1258 5352 pamphmstice
1287 5252 1375 5327 hanc
1451 5252 1533 5353 quia
1553 5249 1648 5325 nulla
1667 5250 1753 5326 ratio
1770 5250 1892 5325 suadet
1905 5249 2082 5349 vulgatum
2098 5273 2134 5320 ex
2148 5234 2258 5329 ,neque

516 5367 701 5442 orationem
722 5365 947 5468 supplevisse.
964 5367 1063 5442 Absit
1079 5369 1169 5442 enirn
1189 5384 1227 5442 ut
1246 5367 1281 5441 id
1297 5369 1376 5442 llie-
1452 5367 1730 5443 trandationibos
1760 5367 1819 5441 illa
1843 5367 1947 5444 rerba
1971 5362 2194 5465 descripsissc;
2212 5363 2257 5418 ton

517 5510 681 5585 ronymus
702 5482 769 5558 sibi
793 5482 897 5558 licere
917 5484 1157 5573 autumaverit,
1177 5484 1269 5585 qnod
1296 5483 1376 5559 aliis
1451 5485 1598 5560 maxime
1620 5483 1702 5586 qnia
1720 5481 1903 5558 dbulensis
1922 5481 2057 5556 scribit:
2077 5478 2142 5551 allt
2158 5470 2208 5542 11⁰⁰
2223 5479 2257 5528 fl·

520 5599 757 5700 interpretibus
774 5599 847 5674 iure
862 5600 1051 5701 acriterque
1068 5599 1225 5698 negabat.
1243 5599 1310 5688 Qui
1328 5601 1377 5674 in·
1454 5599 1695 5676 »tionabiliter
1713 5599 1906 5702 appositum
1928 5613 2001 5687 est;
2020 5623 2098 5672 nam
2118 5591 2205 5665 littera
2222 5571 2256 5642 ll·

520 5715 675 5815 terpretis
697 5715 803 5790 nostri
827 5715 994 5792 vindicias
1019 5715 1085 5790 hac
1106 5714 1235 5790 radone
1260 5711 1377 5792 ineunt
1455 5716 1536 5792 »cit
1567 5715 1623 5791 hic
1650 5715 1744 5816 quod
1771 5715 1996 5789 clamaverunt
2019 5727 2051 5787 et
2074 5709 2220 5785 diorrttlt
2235 5697 2256 5755 et

522 5856 653 5906 summa
668 5829 765 5906 illum
784 5830 908 5908 iniuria
924 5831 1090 5908 afficiunt.
1106 5832 1223 5932 Neque
1239 5832 1378 5908 omnino
1455 5831 1554 5907 »boc
1578 5831 1681 5908 etiarn
1703 5830 1848 5906 habetur
1868 5830 1904 5903 in
1923 5829 2083 5904 hebraeo.
2098 5825 2208 5924 oportet
2221 5824 2255 5872 ⁰¹³
