<?xml version="1.0" encoding="UTF-8"?>
<!DOCTYPE html PUBLIC "-//W3C//DTD XHTML 1.0 Transitional//EN"
    "http://www.w3.org/TR/xhtml1/DTD/xhtml1-transitional.dtd">
<html xmlns="http://www.w3.org/1999/xhtml" xml:lang="en" lang="en">
 <head>
  <title>
</title>
<meta http-equiv="Content-Type" content="text/html;charset=utf-8" />
  <meta name='ocr-system' content='tesseract 3.04.00' />
  <meta name='ocr-capabilities' content='ocr_page ocr_carea ocr_par ocr_line ocrx_word'/>
</head>
<body>
  <div class='ocr_page' id='page_1' title='image "./variaelectiones00vercgoog/variaelectiones00vercgoog_0036.png"; bbox 0 0 4804 6692; ppageno 0'>
   <div class='ocr_carea' id='block_1_1' title="bbox 874 579 1938 660">
    <p class='ocr_par' dir='ltr' id='par_1_1' title="bbox 874 579 1938 660">
     <span class='ocr_line' id='line_1_1' title="bbox 874 579 1938 660; baseline 0.004 -4"><span class='ocrx_word' id='word_1_1' title='bbox 874 579 1191 658; x_wconf 79' lang='lat' dir='ltr'><strong>l’llObEGOllliNh</strong></span> <span class='ocrx_word' id='word_1_2' title='bbox 1830 585 1938 660; x_wconf 72' lang='grc' dir='ltr'><strong>ΠΗ</strong></span> 
     </span>
    </p>
   </div>
   <div class='ocr_carea' id='block_1_2' title="bbox 21 714 1950 5585">
    <p class='ocr_par' dir='ltr' id='par_1_2' title="bbox 27 714 1939 964">
     <span class='ocr_line' id='line_1_2' title="bbox 27 714 1939 854; baseline 0.002 -42"><span class='ocrx_word' id='word_1_3' title='bbox 27 714 33 727; x_wconf 68' lang='grc'><strong>’</strong></span> <span class='ocrx_word' id='word_1_4' title='bbox 73 785 85 854; x_wconf 69' lang='lat'><strong>¹.</strong></span> <span class='ocrx_word' id='word_1_5' title='bbox 137 759 215 812; x_wconf 88' lang='lat' dir='ltr'><strong>esse</strong></span> <span class='ocrx_word' id='word_1_6' title='bbox 240 747 384 839; x_wconf 88' lang='lat' dir='ltr'><strong>potest.</strong></span> <span class='ocrx_word' id='word_1_7' title='bbox 412 732 536 840; x_wconf 85' lang='lat' dir='ltr'>Atqui</span> <span class='ocrx_word' id='word_1_8' title='bbox 565 731 879 838; x_wconf 74' lang='lat' dir='ltr'><strong>christophorus</strong></span> <span class='ocrx_word' id='word_1_9' title='bbox 908 733 1131 816; x_wconf 89' lang='lat' dir='ltr'><strong>Palomarcs</strong></span> <span class='ocrx_word' id='word_1_10' title='bbox 1156 749 1323 815; x_wconf 88' lang='lat' dir='ltr'><strong>testatur</strong></span> <span class='ocrx_word' id='word_1_11' title='bbox 1349 735 1391 813; x_wconf 90' lang='lat' dir='ltr'><strong>in</strong></span> <span class='ocrx_word' id='word_1_12' title='bbox 1417 761 1489 816; x_wconf 86' lang='lat' dir='ltr'><strong>aaa</strong></span> <span class='ocrx_word' id='word_1_13' title='bbox 1517 731 1766 842; x_wconf 76' lang='lat' dir='ltr'>praefatione</span> <span class='ocrx_word' id='word_1_14' title='bbox 1790 733 1842 817; x_wconf 89' lang='lat' dir='ltr'><strong>ad</strong></span> <span class='ocrx_word' id='word_1_15' title='bbox 1869 763 1939 816; x_wconf 80' lang='lat' dir='ltr'><strong>ax·</strong></span> 
     </span>
     <span class='ocr_line' id='line_1_3' title="bbox 136 853 1939 964; baseline 0.001 -28"><span class='ocrx_word' id='word_1_16' title='bbox 136 871 286 964; x_wconf 87' lang='lat' dir='ltr'><strong>carptas</strong></span> <span class='ocrx_word' id='word_1_17' title='bbox 309 857 497 936; x_wconf 88' lang='lat' dir='ltr'><strong>lectiones</strong></span> <span class='ocrx_word' id='word_1_18' title='bbox 520 853 652 964; x_wconf 92' lang='lat' dir='ltr'><strong>(apud</strong></span> <span class='ocrx_word' id='word_1_19' title='bbox 675 856 892 962; x_wconf 89' lang='lat' dir='ltr'><strong>Iosephum</strong></span> <span class='ocrx_word' id='word_1_20' title='bbox 911 855 1197 954; x_wconf 82' lang='lat' dir='ltr'><strong>Rianohinom,</strong></span> <span class='ocrx_word' id='word_1_21' title='bbox 1223 857 1391 938; x_wconf 84' lang='lat' dir='ltr'><strong>Vindia.</strong></span> <span class='ocrx_word' id='word_1_22' title='bbox 1413 873 1509 937; x_wconf 84' lang='lat' dir='ltr'><strong>tom.</strong></span> <span class='ocrx_word' id='word_1_23' title='bbox 1531 859 1578 952; x_wconf 90' lang='lat' dir='ltr'><strong>I,</strong></span> <span class='ocrx_word' id='word_1_24' title='bbox 1594 885 1692 964; x_wconf 85' lang='lat' dir='ltr'><strong>pag.</strong></span> <span class='ocrx_word' id='word_1_25' title='bbox 1714 857 1810 960; x_wconf 60' lang='grc' dir='ltr'><strong>Δ),</strong></span> <span class='ocrx_word' id='word_1_26' title='bbox 1832 883 1874 937; x_wconf 85' lang='lat' dir='ltr'><strong>sc</strong></span> <span class='ocrx_word' id='word_1_27' title='bbox 1897 856 1939 938; x_wconf 91' lang='lat' dir='ltr'><strong>id</strong></span> 
     </span>
    </p>

    <p class='ocr_par' dir='ltr' id='par_1_3' title="bbox 49 974 1944 1335">
     <span class='ocr_line' id='line_1_4' title="bbox 49 974 1940 1088; baseline 0.003 -32"><span class='ocrx_word' id='word_1_28' title='bbox 49 974 52 982; x_wconf 74' lang='grc'><strong>’</strong></span> <span class='ocrx_word' id='word_1_29' title='bbox 137 1003 207 1084; x_wconf 93' lang='lat' dir='ltr'><strong>pro</strong></span> <span class='ocrx_word' id='word_1_30' title='bbox 233 979 550 1086; x_wconf 85' lang='lat' dir='ltr'><strong>Congrcgatione</strong></span> <span class='ocrx_word' id='word_1_31' title='bbox 577 976 848 1060; x_wconf 82' lang='lat' dir='ltr'><strong>emendandae</strong></span> <span class='ocrx_word' id='word_1_32' title='bbox 870 981 1067 1088; x_wconf 88' lang='lat' dir='ltr'><strong>Vulgatac</strong></span> <span class='ocrx_word' id='word_1_33' title='bbox 1092 980 1259 1063; x_wconf 90' lang='lat' dir='ltr'><strong>editioni</strong></span> <span class='ocrx_word' id='word_1_34' title='bbox 1282 982 1432 1062; x_wconf 88' lang='lat' dir='ltr'><strong>aSixto</strong></span> <span class='ocrx_word' id='word_1_35' title='bbox 1455 980 1508 1058; x_wconf 90' lang='lat' dir='ltr'><strong>V.</strong></span> <span class='ocrx_word' id='word_1_36' title='bbox 1532 981 1749 1062; x_wconf 88' lang='lat' dir='ltr'><strong>constituta</strong></span> <span class='ocrx_word' id='word_1_37' title='bbox 1775 982 1940 1088; x_wconf 80' lang='lat' dir='ltr'><strong>praesti·</strong></span> 
     </span>
     <span class='ocr_line' id='line_1_5' title="bbox 137 1101 1937 1214; baseline 0.003 -35"><span class='ocrx_word' id='word_1_38' title='bbox 137 1103 241 1198; x_wconf 89' lang='lat' dir='ltr'><strong>tisse;</strong></span> <span class='ocrx_word' id='word_1_39' title='bbox 265 1130 346 1182; x_wconf 93' lang='lat' dir='ltr'><strong>non</strong></span> <span class='ocrx_word' id='word_1_40' title='bbox 369 1104 491 1209; x_wconf 90' lang='lat' dir='ltr'><strong>igitur</strong></span> <span class='ocrx_word' id='word_1_41' title='bbox 510 1101 679 1182; x_wconf 90' lang='lat' dir='ltr'><strong>aliorum</strong></span> <span class='ocrx_word' id='word_1_42' title='bbox 704 1129 785 1184; x_wconf 87' lang='lat' dir='ltr'><strong>esse</strong></span> <span class='ocrx_word' id='word_1_43' title='bbox 805 1121 940 1212; x_wconf 89' lang='lat' dir='ltr'><strong>potest</strong></span> <span class='ocrx_word' id='word_1_44' title='bbox 961 1106 1076 1185; x_wconf 91' lang='lat' dir='ltr'><strong>labor</strong></span> <span class='ocrx_word' id='word_1_45' title='bbox 1096 1105 1344 1204; x_wconf 91' lang='lat' dir='ltr'><strong>huiusmodi,</strong></span> <span class='ocrx_word' id='word_1_46' title='bbox 1365 1133 1486 1214; x_wconf 86' lang='lat' dir='ltr'><strong>quam</strong></span> <span class='ocrx_word' id='word_1_47' title='bbox 1509 1104 1731 1186; x_wconf 89' lang='lat' dir='ltr'><strong>Cardinalis</strong></span> <span class='ocrx_word' id='word_1_48' title='bbox 1752 1103 1937 1202; x_wconf 79' lang='lat' dir='ltr'><strong>Caiafae,</strong></span> 
     </span>
     <span class='ocr_line' id='line_1_6' title="bbox 136 1221 1944 1335; baseline 0.001 -30"><span class='ocrx_word' id='word_1_49' title='bbox 136 1243 203 1305; x_wconf 88' lang='lat' dir='ltr'><strong>aut</strong></span> <span class='ocrx_word' id='word_1_50' title='bbox 229 1221 427 1321; x_wconf 86' lang='lat' dir='ltr'><strong>virorum,</strong></span> <span class='ocrx_word' id='word_1_51' title='bbox 454 1229 550 1335; x_wconf 83' lang='lat' dir='ltr'><strong>qui,</strong></span> <span class='ocrx_word' id='word_1_52' title='bbox 575 1251 624 1308; x_wconf 88' lang='lat' dir='ltr'><strong>eo</strong></span> <span class='ocrx_word' id='word_1_53' title='bbox 653 1227 777 1324; x_wconf 90' lang='lat' dir='ltr'><strong>duce,</strong></span> <span class='ocrx_word' id='word_1_54' title='bbox 808 1255 969 1335; x_wconf 89' lang='lat' dir='ltr'><strong>operam</strong></span> <span class='ocrx_word' id='word_1_55' title='bbox 998 1230 1039 1308; x_wconf 91' lang='lat' dir='ltr'><strong>in</strong></span> <span class='ocrx_word' id='word_1_56' title='bbox 1067 1229 1146 1309; x_wconf 92' lang='lat' dir='ltr'><strong>hoa</strong></span> <span class='ocrx_word' id='word_1_57' title='bbox 1178 1257 1289 1309; x_wconf 89' lang='lat' dir='ltr'><strong>suam</strong></span> <span class='ocrx_word' id='word_1_58' title='bbox 1317 1246 1533 1309; x_wconf 83' lang='lat' dir='ltr'><strong>naverunt.</strong></span> <span class='ocrx_word' id='word_1_59' title='bbox 1558 1229 1610 1308; x_wconf 89' lang='lat'><strong>11.</strong></span> <span class='ocrx_word' id='word_1_60' title='bbox 1634 1231 1680 1308; x_wconf 93' lang='grc' dir='ltr'><strong>Ρ.</strong></span> <span class='ocrx_word' id='word_1_61' title='bbox 1710 1228 1944 1310; x_wconf 88' lang='lat' dir='ltr'><strong>Franciscus</strong></span> 
     </span>
    </p>

    <p class='ocr_par' dir='ltr' id='par_1_4' title="bbox 58 1338 1945 2575">
     <span class='ocr_line' id='line_1_7' title="bbox 69 1338 1940 1461; baseline 0 -31"><span class='ocrx_word' id='word_1_62' title='bbox 69 1338 85 1445; x_wconf 74' lang='lat' dir='ltr'><strong>i</strong></span> <span class='ocrx_word' id='word_1_63' title='bbox 136 1351 297 1431; x_wconf 89' lang='lat' dir='ltr'><strong>Toletus</strong></span> <span class='ocrx_word' id='word_1_64' title='bbox 322 1352 363 1431; x_wconf 91' lang='lat' dir='ltr'><strong>in</strong></span> <span class='ocrx_word' id='word_1_65' title='bbox 389 1352 469 1430; x_wconf 89' lang='lat' dir='ltr'><strong>suis</strong></span> <span class='ocrx_word' id='word_1_66' title='bbox 491 1351 820 1432; x_wconf 80' lang='lat' dir='ltr'><strong>annotationibus</strong></span> <span class='ocrx_word' id='word_1_67' title='bbox 847 1353 1128 1461; x_wconf 86' lang='lat' dir='ltr'><strong>manuscriptis</strong></span> <span class='ocrx_word' id='word_1_68' title='bbox 1147 1353 1315 1432; x_wconf 76' lang='lat' dir='ltr'><strong>sixtinae</strong></span> <span class='ocrx_word' id='word_1_69' title='bbox 1341 1352 1508 1433; x_wconf 90' lang='lat' dir='ltr'><strong>editioni</strong></span> <span class='ocrx_word' id='word_1_70' title='bbox 1532 1351 1698 1432; x_wconf 79' lang='lat' dir='ltr'><strong>adnexis</strong></span> <span class='ocrx_word' id='word_1_71' title='bbox 1724 1353 1767 1430; x_wconf 91' lang='lat' dir='ltr'><strong>in</strong></span> <span class='ocrx_word' id='word_1_72' title='bbox 1795 1350 1940 1433; x_wconf 70' lang='lat' dir='ltr'><strong>biblio</strong></span> 
     </span>
     <span class='ocr_line' id='line_1_8' title="bbox 77 1468 1941 1584; baseline 0 -30"><span class='ocrx_word' id='word_1_73' title='bbox 77 1468 83 1481; x_wconf 79' lang='lat'>&#39;</span> <span class='ocrx_word' id='word_1_74' title='bbox 137 1476 245 1555; x_wconf 89' lang='lat' dir='ltr'><strong>theca</strong></span> <span class='ocrx_word' id='word_1_75' title='bbox 273 1476 454 1556; x_wconf 89' lang='lat' dir='ltr'><strong>vaticana</strong></span> <span class='ocrx_word' id='word_1_76' title='bbox 481 1476 670 1584; x_wconf 83' lang='lat' dir='ltr'><strong>frequens</strong></span> <span class='ocrx_word' id='word_1_77' title='bbox 692 1495 749 1556; x_wconf 88' lang='lat' dir='ltr'><strong>ast</strong></span> <span class='ocrx_word' id='word_1_78' title='bbox 771 1479 813 1556; x_wconf 92' lang='lat' dir='ltr'><strong>in</strong></span> <span class='ocrx_word' id='word_1_79' title='bbox 835 1476 994 1556; x_wconf 87' lang='lat' dir='ltr'><strong>citanda</strong></span> <span class='ocrx_word' id='word_1_80' title='bbox 1022 1482 1157 1584; x_wconf 90' lang='lat' dir='ltr'><strong>priore</strong></span> <span class='ocrx_word' id='word_1_81' title='bbox 1180 1477 1497 1584; x_wconf 90' lang='lat' dir='ltr'><strong>Congregatione</strong></span> <span class='ocrx_word' id='word_1_82' title='bbox 1517 1477 1684 1571; x_wconf 81' lang='lat' dir='ltr'><strong>sixtina,</strong></span> <span class='ocrx_word' id='word_1_83' title='bbox 1709 1475 1823 1556; x_wconf 85' lang='lat' dir='ltr'><strong>cuius</strong></span> <span class='ocrx_word' id='word_1_84' title='bbox 1851 1475 1941 1582; x_wconf 89' lang='lat' dir='ltr'><strong>qui·</strong></span> 
     </span>
     <span class='ocr_line' id='line_1_9' title="bbox 58 1586 1942 1708; baseline 0 -30"><span class='ocrx_word' id='word_1_85' title='bbox 58 1586 79 1687; x_wconf 65' lang='grc' dir='ltr'>ἰ</span> <span class='ocrx_word' id='word_1_86' title='bbox 137 1598 221 1679; x_wconf 90' lang='lat' dir='ltr'><strong>dam</strong></span> <span class='ocrx_word' id='word_1_87' title='bbox 251 1602 519 1682; x_wconf 84' lang='lat' dir='ltr'><strong>correctiones</strong></span> <span class='ocrx_word' id='word_1_88' title='bbox 544 1599 709 1681; x_wconf 86' lang='lat' dir='ltr'><strong>adducit</strong></span> <span class='ocrx_word' id='word_1_89' title='bbox 731 1601 855 1681; x_wconf 88' lang='lat' dir='ltr'><strong>verbo</strong></span> <span class='ocrx_word' id='word_1_90' title='bbox 878 1618 1018 1696; x_wconf 89' lang='lat' dir='ltr'><strong>tenus,</strong></span> <span class='ocrx_word' id='word_1_91' title='bbox 1045 1600 1231 1698; x_wconf 90' lang='lat' dir='ltr'><strong>laudans,</strong></span> <span class='ocrx_word' id='word_1_92' title='bbox 1253 1620 1323 1681; x_wconf 89' lang='lat' dir='ltr'><strong>aut</strong></span> <span class='ocrx_word' id='word_1_93' title='bbox 1345 1601 1584 1708; x_wconf 87' lang='lat' dir='ltr'><strong>reprobans:</strong></span> <span class='ocrx_word' id='word_1_94' title='bbox 1610 1602 1685 1680; x_wconf 88' lang='lat' dir='ltr'><strong>hae</strong></span> <span class='ocrx_word' id='word_1_95' title='bbox 1710 1627 1807 1680; x_wconf 91' lang='lat' dir='ltr'><strong>vero</strong></span> <span class='ocrx_word' id='word_1_96' title='bbox 1834 1599 1942 1678; x_wconf 86' lang='lat' dir='ltr'><strong>miri·</strong></span> 
     </span>
     <span class='ocr_line' id='line_1_10' title="bbox 138 1721 1941 1830; baseline 0.001 -30"><span class='ocrx_word' id='word_1_97' title='bbox 138 1721 206 1803; x_wconf 91' lang='lat' dir='ltr'><strong>fiae</strong></span> <span class='ocrx_word' id='word_1_98' title='bbox 223 1751 379 1830; x_wconf 90' lang='lat' dir='ltr'><strong>semper</strong></span> <span class='ocrx_word' id='word_1_99' title='bbox 397 1723 523 1804; x_wconf 87' lang='lat' dir='ltr'><strong>codici</strong></span> <span class='ocrx_word' id='word_1_100' title='bbox 544 1743 683 1807; x_wconf 90' lang='lat' dir='ltr'><strong>nostro</strong></span> <span class='ocrx_word' id='word_1_101' title='bbox 706 1727 974 1806; x_wconf 89' lang='lat' dir='ltr'><strong>consentiunt.</strong></span> <span class='ocrx_word' id='word_1_102' title='bbox 1002 1727 1071 1804; x_wconf 93' lang='lat' dir='ltr'><strong>lll.</strong></span> <span class='ocrx_word' id='word_1_103' title='bbox 1089 1727 1191 1806; x_wconf 90' lang='lat' dir='ltr'><strong>Cum</strong></span> <span class='ocrx_word' id='word_1_104' title='bbox 1209 1753 1258 1806; x_wconf 86' lang='lat' dir='ltr'><strong>ex</strong></span> <span class='ocrx_word' id='word_1_105' title='bbox 1280 1725 1480 1822; x_wconf 85' lang='lat' dir='ltr'><strong>dicendis,</strong></span> <span class='ocrx_word' id='word_1_106' title='bbox 1501 1726 1685 1808; x_wconf 87' lang='lat' dir='ltr'><strong>absoluto</strong></span> <span class='ocrx_word' id='word_1_107' title='bbox 1703 1725 1781 1804; x_wconf 92' lang='lat' dir='ltr'><strong>iam</strong></span> <span class='ocrx_word' id='word_1_108' title='bbox 1799 1724 1941 1804; x_wconf 82' lang='lat' dir='ltr'><strong>harum</strong></span> 
     </span>
     <span class='ocr_line' id='line_1_11' title="bbox 138 1847 1943 1956; baseline 0.001 -31"><span class='ocrx_word' id='word_1_109' title='bbox 138 1847 429 1928; x_wconf 84' lang='lat' dir='ltr'><strong>correctionum</strong></span> <span class='ocrx_word' id='word_1_110' title='bbox 457 1864 675 1956; x_wconf 88' lang='lat' dir='ltr'><strong>apparatu,</strong></span> <span class='ocrx_word' id='word_1_111' title='bbox 707 1847 834 1929; x_wconf 83' lang='lat' dir='ltr'><strong>codex</strong></span> <span class='ocrx_word' id='word_1_112' title='bbox 863 1851 948 1956; x_wconf 89' lang='lat' dir='ltr'><strong>ipse</strong></span> <span class='ocrx_word' id='word_1_113' title='bbox 975 1848 1027 1929; x_wconf 89' lang='lat' dir='ltr'><strong>ad</strong></span> <span class='ocrx_word' id='word_1_114' title='bbox 1054 1849 1283 1956; x_wconf 86' lang='lat' dir='ltr'><strong>pontificem</strong></span> <span class='ocrx_word' id='word_1_115' title='bbox 1314 1847 1470 1929; x_wconf 87' lang='lat' dir='ltr'><strong>delatus</strong></span> <span class='ocrx_word' id='word_1_116' title='bbox 1494 1848 1656 1944; x_wconf 87' lang='lat' dir='ltr'><strong>fuisset,</strong></span> <span class='ocrx_word' id='word_1_117' title='bbox 1683 1849 1755 1955; x_wconf 89' lang='lat' dir='ltr'><strong>qui</strong></span> <span class='ocrx_word' id='word_1_118' title='bbox 1784 1847 1943 1927; x_wconf 79' lang='lat' dir='ltr'><strong>illarum</strong></span> 
     </span>
     <span class='ocr_line' id='line_1_12' title="bbox 138 1969 1943 2080; baseline 0 -32"><span class='ocrx_word' id='word_1_119' title='bbox 138 1971 435 2076; x_wconf 86' lang='lat' dir='ltr'><strong>castigationum</strong></span> <span class='ocrx_word' id='word_1_120' title='bbox 460 1969 615 2052; x_wconf 87' lang='lat' dir='ltr'><strong>delectu</strong></span> <span class='ocrx_word' id='word_1_121' title='bbox 640 1972 779 2051; x_wconf 90' lang='lat' dir='ltr'><strong>habito</strong></span> <span class='ocrx_word' id='word_1_122' title='bbox 801 1999 912 2053; x_wconf 89' lang='lat' dir='ltr'><strong>suam</strong></span> <span class='ocrx_word' id='word_1_123' title='bbox 936 1973 1125 2053; x_wconf 83' lang='lat' dir='ltr'><strong>instruxit</strong></span> <span class='ocrx_word' id='word_1_124' title='bbox 1147 1971 1382 2068; x_wconf 85' lang='lat' dir='ltr'><strong>editionem,</strong></span> <span class='ocrx_word' id='word_1_125' title='bbox 1404 1971 1511 2052; x_wconf 91' lang='lat' dir='ltr'><strong>idem</strong></span> <span class='ocrx_word' id='word_1_126' title='bbox 1533 2002 1576 2080; x_wconf 89' lang='lat' dir='ltr'><strong>p.</strong></span> <span class='ocrx_word' id='word_1_127' title='bbox 1595 1973 1760 2052; x_wconf 89' lang='lat' dir='ltr'><strong>Toletus</strong></span> <span class='ocrx_word' id='word_1_128' title='bbox 1782 1971 1943 2052; x_wconf 88' lang='lat' dir='ltr'><strong>concio·</strong></span> 
     </span>
     <span class='ocr_line' id='line_1_13' title="bbox 138 2093 1944 2205; baseline 0.001 -33"><span class='ocrx_word' id='word_1_129' title='bbox 138 2111 252 2173; x_wconf 88' lang='lat' dir='ltr'><strong>nator</strong></span> <span class='ocrx_word' id='word_1_130' title='bbox 279 2095 380 2172; x_wconf 90' lang='lat' dir='ltr'><strong>sacri</strong></span> <span class='ocrx_word' id='word_1_131' title='bbox 412 2093 548 2203; x_wconf 92' lang='lat' dir='ltr'><strong>palatii</strong></span> <span class='ocrx_word' id='word_1_132' title='bbox 580 2096 791 2202; x_wconf 89' lang='lat' dir='ltr'><strong>apostolici</strong></span> <span class='ocrx_word' id='word_1_133' title='bbox 823 2123 945 2184; x_wconf 76' lang='lat' dir='ltr'><strong>suam,</strong></span> <span class='ocrx_word' id='word_1_134' title='bbox 969 2099 1011 2176; x_wconf 91' lang='lat' dir='ltr'><strong>in</strong></span> <span class='ocrx_word' id='word_1_135' title='bbox 1038 2096 1079 2176; x_wconf 93' lang='lat' dir='ltr'><strong>id</strong></span> <span class='ocrx_word' id='word_1_136' title='bbox 1107 2123 1270 2205; x_wconf 90' lang='lat' dir='ltr'><strong>operam</strong></span> <span class='ocrx_word' id='word_1_137' title='bbox 1301 2096 1497 2204; x_wconf 88' lang='lat' dir='ltr'><strong>impendit</strong></span> <span class='ocrx_word' id='word_1_138' title='bbox 1526 2096 1638 2176; x_wconf 90' lang='lat' dir='ltr'><strong>Sixto</strong></span> <span class='ocrx_word' id='word_1_139' title='bbox 1667 2094 1745 2192; x_wconf 93' lang='lat' dir='ltr'><strong>V.,</strong></span> <span class='ocrx_word' id='word_1_140' title='bbox 1773 2110 1944 2176; x_wconf 85' lang='lat' dir='ltr'><strong>testante</strong></span> 
     </span>
     <span class='ocr_line' id='line_1_14' title="bbox 118 2218 1945 2330; baseline 0.002 -33"><span class='ocrx_word' id='word_1_141' title='bbox 118 2219 267 2298; x_wconf 71' lang='lat' dir='ltr'><strong>llocca</strong></span> <span class='ocrx_word' id='word_1_142' title='bbox 296 2223 418 2322; x_wconf 89' lang='lat' dir='ltr'><strong>(tom.</strong></span> <span class='ocrx_word' id='word_1_143' title='bbox 441 2248 479 2298; x_wconf 80' lang='lat' dir='ltr'><strong>a.</strong></span> <span class='ocrx_word' id='word_1_144' title='bbox 498 2249 544 2328; x_wconf 88' lang='lat' dir='ltr'><strong>p.</strong></span> <span class='ocrx_word' id='word_1_145' title='bbox 567 2219 688 2324; x_wconf 81' lang='lat'><strong>355.)</strong></span> <span class='ocrx_word' id='word_1_146' title='bbox 711 2221 782 2327; x_wconf 93' lang='lat' dir='ltr'><strong>qui</strong></span> <span class='ocrx_word' id='word_1_147' title='bbox 808 2218 948 2300; x_wconf 89' lang='lat' dir='ltr'><strong>eodem</strong></span> <span class='ocrx_word' id='word_1_148' title='bbox 977 2236 1156 2330; x_wconf 84' lang='lat' dir='ltr'><strong>tempore</strong></span> <span class='ocrx_word' id='word_1_149' title='bbox 1180 2222 1385 2302; x_wconf 87' lang='lat' dir='ltr'><strong>vaticanae</strong></span> <span class='ocrx_word' id='word_1_150' title='bbox 1411 2221 1699 2329; x_wconf 83' lang='lat' dir='ltr'><strong>typographiae</strong></span> <span class='ocrx_word' id='word_1_151' title='bbox 1721 2218 1945 2329; x_wconf 79' lang='lat' dir='ltr'><strong>praefectus</strong></span> 
     </span>
     <span class='ocr_line' id='line_1_15' title="bbox 138 2343 1945 2454; baseline 0 -32"><span class='ocrx_word' id='word_1_152' title='bbox 138 2362 236 2423; x_wconf 91' lang='lat' dir='ltr'><strong>erat:</strong></span> <span class='ocrx_word' id='word_1_153' title='bbox 263 2343 378 2451; x_wconf 90' lang='lat' dir='ltr'><strong>quod</strong></span> <span class='ocrx_word' id='word_1_154' title='bbox 406 2369 501 2438; x_wconf 83' lang='lat' dir='ltr'><strong>vero</strong></span> <span class='ocrx_word' id='word_1_155' title='bbox 521 2343 573 2425; x_wconf 90' lang='lat' dir='ltr'><strong>ad</strong></span> <span class='ocrx_word' id='word_1_156' title='bbox 592 2371 676 2424; x_wconf 90' lang='lat' dir='ltr'><strong>rem</strong></span> <span class='ocrx_word' id='word_1_157' title='bbox 703 2363 880 2426; x_wconf 88' lang='lat' dir='ltr'><strong>nostram</strong></span> <span class='ocrx_word' id='word_1_158' title='bbox 907 2347 1000 2426; x_wconf 89' lang='lat' dir='ltr'><strong>facit</strong></span> <span class='ocrx_word' id='word_1_159' title='bbox 1013 2347 1060 2426; x_wconf 91' lang='lat' dir='ltr'><strong>in</strong></span> <span class='ocrx_word' id='word_1_160' title='bbox 1079 2347 1152 2426; x_wconf 89' lang='lat' dir='ltr'><strong>hac</strong></span> <span class='ocrx_word' id='word_1_161' title='bbox 1174 2348 1260 2426; x_wconf 89' lang='lat' dir='ltr'><strong>eius</strong></span> <span class='ocrx_word' id='word_1_162' title='bbox 1287 2347 1430 2426; x_wconf 87' lang='lat' dir='ltr'><strong>notitia</strong></span> <span class='ocrx_word' id='word_1_163' title='bbox 1457 2364 1535 2442; x_wconf 89' lang='lat' dir='ltr'><strong>est,</strong></span> <span class='ocrx_word' id='word_1_164' title='bbox 1555 2345 1721 2454; x_wconf 83' lang='lat' dir='ltr'><strong>proavia</strong></span> <span class='ocrx_word' id='word_1_165' title='bbox 1744 2344 1862 2424; x_wconf 83' lang='lat' dir='ltr'><strong>illius</strong></span> <span class='ocrx_word' id='word_1_166' title='bbox 1880 2373 1945 2423; x_wconf 88' lang='lat' dir='ltr'><strong>ao·</strong></span> 
     </span>
     <span class='ocr_line' id='line_1_16' title="bbox 138 2463 1944 2575; baseline -0.001 -26"><span class='ocrx_word' id='word_1_167' title='bbox 138 2463 437 2550; x_wconf 78' lang='lat' dir='ltr'><strong>dicia&#39;atilitate</strong></span> <span class='ocrx_word' id='word_1_168' title='bbox 456 2463 687 2551; x_wconf 65' lang='lat' dir='ltr'><strong>insedibus</strong></span> <span class='ocrx_word' id='word_1_169' title='bbox 705 2471 888 2551; x_wconf 81' lang='lat' dir='ltr'><strong>Antonii</strong></span> <span class='ocrx_word' id='word_1_170' title='bbox 910 2471 1034 2550; x_wconf 80' lang='lat' dir='ltr'><strong>Card.</strong></span> <span class='ocrx_word' id='word_1_171' title='bbox 1062 2473 1239 2575; x_wconf 87' lang='lat' dir='ltr'><strong>Carofoe</strong></span> <span class='ocrx_word' id='word_1_172' title='bbox 1263 2469 1458 2548; x_wconf 86' lang='lat' dir='ltr'><strong>adornati</strong></span> <span class='ocrx_word' id='word_1_173' title='bbox 1477 2467 1677 2548; x_wconf 89' lang='lat' dir='ltr'><strong>laborasse</strong></span> <span class='ocrx_word' id='word_1_174' title='bbox 1694 2467 1879 2548; x_wconf 90' lang='lat' dir='ltr'><strong>Toletum</strong></span> <span class='ocrx_word' id='word_1_175' title='bbox 1896 2493 1944 2548; x_wconf 86' lang='lat' dir='ltr'><strong>ea</strong></span> 
     </span>
    </p>

    <p class='ocr_par' dir='ltr' id='par_1_5' title="bbox 138 2585 1949 4069">
     <span class='ocr_line' id='line_1_17' title="bbox 138 2585 1945 2700; baseline 0.001 -30"><span class='ocrx_word' id='word_1_176' title='bbox 138 2594 177 2672; x_wconf 92' lang='lat' dir='ltr'><strong>iu</strong></span> <span class='ocrx_word' id='word_1_177' title='bbox 205 2585 548 2674; x_wconf 68' lang='lat' dir='ltr'><strong>occasiunculam</strong></span> <span class='ocrx_word' id='word_1_178' title='bbox 571 2594 804 2698; x_wconf 83' lang='lat' dir='ltr'><strong>Vulgatam;</strong></span> <span class='ocrx_word' id='word_1_179' title='bbox 828 2611 867 2674; x_wconf 92' lang='lat' dir='ltr'><strong>et</strong></span> <span class='ocrx_word' id='word_1_180' title='bbox 894 2611 1076 2673; x_wconf 88' lang='lat' dir='ltr'><strong>nostrum</strong></span> <span class='ocrx_word' id='word_1_181' title='bbox 1103 2594 1215 2673; x_wconf 92' lang='lat' dir='ltr'><strong>buna</strong></span> <span class='ocrx_word' id='word_1_182' title='bbox 1241 2592 1440 2698; x_wconf 86' lang='lat' dir='ltr'><strong>designari</strong></span> <span class='ocrx_word' id='word_1_183' title='bbox 1468 2593 1711 2676; x_wconf 86' lang='lat' dir='ltr'><strong>manifestius</strong></span> <span class='ocrx_word' id='word_1_184' title='bbox 1738 2611 1797 2673; x_wconf 86' lang='lat' dir='ltr'><strong>est</strong></span> <span class='ocrx_word' id='word_1_185' title='bbox 1825 2616 1945 2700; x_wconf 87' lang='lat' dir='ltr'><strong>quam</strong></span> 
     </span>
     <span class='ocr_line' id='line_1_18' title="bbox 138 2709 1948 2826; baseline -0.001 -30"><span class='ocrx_word' id='word_1_186' title='bbox 138 2717 254 2824; x_wconf 90' lang='lat' dir='ltr'><strong>quod</strong></span> <span class='ocrx_word' id='word_1_187' title='bbox 272 2709 536 2798; x_wconf 82' lang='lat' dir='ltr'><strong>demonstrari</strong></span> <span class='ocrx_word' id='word_1_188' title='bbox 555 2734 752 2824; x_wconf 90' lang='lat' dir='ltr'><strong>oporteat.</strong></span> <span class='ocrx_word' id='word_1_189' title='bbox 776 2717 846 2796; x_wconf 92' lang='lat' dir='ltr'><strong>lV.</strong></span> <span class='ocrx_word' id='word_1_190' title='bbox 870 2718 1042 2798; x_wconf 87' lang='lat' dir='ltr'><strong>Omnem</strong></span> <span class='ocrx_word' id='word_1_191' title='bbox 1064 2743 1189 2826; x_wconf 92' lang='lat' dir='ltr'><strong>porro</strong></span> <span class='ocrx_word' id='word_1_192' title='bbox 1212 2716 1504 2797; x_wconf 85' lang='lat' dir='ltr'><strong>dubitationem</strong></span> <span class='ocrx_word' id='word_1_193' title='bbox 1524 2717 1681 2798; x_wconf 84' lang='lat' dir='ltr'><strong>auferre</strong></span> <span class='ocrx_word' id='word_1_194' title='bbox 1705 2714 1824 2798; x_wconf 87' lang='lat' dir='ltr'><strong>debet</strong></span> <span class='ocrx_word' id='word_1_195' title='bbox 1843 2718 1948 2798; x_wconf 88' lang='lat' dir='ltr'><strong>testi·</strong></span> 
     </span>
     <span class='ocr_line' id='line_1_19' title="bbox 139 2835 1947 2948; baseline -0.001 -30"><span class='ocrx_word' id='word_1_196' title='bbox 139 2843 316 2921; x_wconf 88' lang='lat' dir='ltr'><strong>monium</strong></span> <span class='ocrx_word' id='word_1_197' title='bbox 344 2835 549 2920; x_wconf 87' lang='lat' dir='ltr'><strong>cuiusdam</strong></span> <span class='ocrx_word' id='word_1_198' title='bbox 577 2839 794 2946; x_wconf 69' lang='lat' dir='ltr'><strong>fragmenti</strong></span> <span class='ocrx_word' id='word_1_199' title='bbox 812 2857 972 2923; x_wconf 83' lang='lat' dir='ltr'><strong>actuum</strong></span> <span class='ocrx_word' id='word_1_200' title='bbox 1000 2843 1133 2920; x_wconf 85' lang='lat' dir='ltr'><strong>sacrae</strong></span> <span class='ocrx_word' id='word_1_201' title='bbox 1163 2841 1490 2948; x_wconf 88' lang='lat' dir='ltr'><strong>Congregationis</strong></span> <span class='ocrx_word' id='word_1_202' title='bbox 1522 2843 1764 2923; x_wconf 86' lang='lat' dir='ltr'><strong>constitutae</strong></span> <span class='ocrx_word' id='word_1_203' title='bbox 1789 2871 1816 2921; x_wconf 90' lang='lat' dir='ltr'><strong>a</strong></span> <span class='ocrx_word' id='word_1_204' title='bbox 1846 2843 1947 2923; x_wconf 57' lang='lat' dir='ltr'><strong>Gra,</strong></span> 
     </span>
     <span class='ocr_line' id='line_1_20' title="bbox 139 2964 1948 3074; baseline -0.002 -27"><span class='ocrx_word' id='word_1_205' title='bbox 139 2969 248 3074; x_wconf 89' lang='lat' dir='ltr'><strong>gorio</strong></span> <span class='ocrx_word' id='word_1_206' title='bbox 271 2966 382 3047; x_wconf 91' lang='lat' dir='ltr'><strong>XlV.</strong></span> <span class='ocrx_word' id='word_1_207' title='bbox 410 2989 529 3045; x_wconf 92' lang='lat' dir='ltr'><strong>manu</strong></span> <span class='ocrx_word' id='word_1_208' title='bbox 558 2964 733 3047; x_wconf 87' lang='lat' dir='ltr'><strong>eiusdem</strong></span> <span class='ocrx_word' id='word_1_209' title='bbox 751 2964 988 3061; x_wconf 81' lang='lat' dir='ltr'><strong>Secretarii,</strong></span> <span class='ocrx_word' id='word_1_210' title='bbox 1015 2982 1063 3044; x_wconf 93' lang='lat' dir='ltr'><strong>ut</strong></span> <span class='ocrx_word' id='word_1_211' title='bbox 1086 2964 1265 3062; x_wconf 90' lang='lat' dir='ltr'><strong>videtur,</strong></span> <span class='ocrx_word' id='word_1_212' title='bbox 1293 2967 1531 3074; x_wconf 88' lang='lat' dir='ltr'><strong>conscripti,</strong></span> <span class='ocrx_word' id='word_1_213' title='bbox 1558 2965 1611 3045; x_wconf 90' lang='lat' dir='ltr'><strong>de</strong></span> <span class='ocrx_word' id='word_1_214' title='bbox 1638 2992 1722 3073; x_wconf 94' lang='lat' dir='ltr'><strong>quo</strong></span> <span class='ocrx_word' id='word_1_215' title='bbox 1749 2965 1948 3044; x_wconf 87' lang='lat' dir='ltr'><strong>alibicrit</strong></span> 
     </span>
     <span class='ocr_line' id='line_1_21' title="bbox 140 3087 1947 3199; baseline -0.001 -29"><span class='ocrx_word' id='word_1_216' title='bbox 140 3090 357 3199; x_wconf 86' lang='lat' dir='ltr'><strong>agendum3</strong></span> <span class='ocrx_word' id='word_1_217' title='bbox 379 3108 437 3170; x_wconf 89' lang='lat' dir='ltr'><strong>est</strong></span> <span class='ocrx_word' id='word_1_218' title='bbox 460 3108 589 3170; x_wconf 90' lang='lat' dir='ltr'><strong>autem</strong></span> <span class='ocrx_word' id='word_1_219' title='bbox 613 3087 862 3169; x_wconf 80' lang='lat' dir='ltr'><strong>huiusmodi:</strong></span> <span class='ocrx_word' id='word_1_220' title='bbox 883 3121 901 3165; x_wconf 81' lang='lat' dir='ltr'><strong>a</strong></span> <span class='ocrx_word' id='word_1_221' title='bbox 919 3090 967 3167; x_wconf 92' lang='lat' dir='ltr'><strong>ln</strong></span> <span class='ocrx_word' id='word_1_222' title='bbox 986 3091 1175 3170; x_wconf 88' lang='lat' dir='ltr'><strong>varietate</strong></span> <span class='ocrx_word' id='word_1_223' title='bbox 1194 3090 1409 3170; x_wconf 91' lang='lat' dir='ltr'><strong>lectionum</strong></span> <span class='ocrx_word' id='word_1_224' title='bbox 1435 3091 1701 3170; x_wconf 86' lang='lat' dir='ltr'><strong>consuluntur</strong></span> <span class='ocrx_word' id='word_1_225' title='bbox 1722 3089 1849 3170; x_wconf 80' lang='lat' dir='ltr'><strong>Biblia</strong></span> <span class='ocrx_word' id='word_1_226' title='bbox 1870 3089 1947 3172; x_wconf 80' lang='lat' dir='ltr'><strong>ela·</strong></span> 
     </span>
     <span class='ocr_line' id='line_1_22' title="bbox 144 3213 1946 3324; baseline 0.002 -34"><span class='ocrx_word' id='word_1_227' title='bbox 144 3217 345 3313; x_wconf 67' lang='lat' dir='ltr'><strong>thorota,</strong></span> <span class='ocrx_word' id='word_1_228' title='bbox 374 3233 414 3296; x_wconf 89' lang='lat' dir='ltr'><strong>et</strong></span> <span class='ocrx_word' id='word_1_229' title='bbox 440 3217 629 3324; x_wconf 87' lang='lat' dir='ltr'><strong>impressa</strong></span> <span class='ocrx_word' id='word_1_230' title='bbox 656 3215 707 3295; x_wconf 90' lang='lat' dir='ltr'><strong>ab</strong></span> <span class='ocrx_word' id='word_1_231' title='bbox 738 3213 997 3294; x_wconf 82' lang='lat' dir='ltr'><strong>Universitate</strong></span> <span class='ocrx_word' id='word_1_232' title='bbox 1028 3214 1272 3308; x_wconf 84' lang='lat' dir='ltr'><strong>lovaniensi,</strong></span> <span class='ocrx_word' id='word_1_233' title='bbox 1304 3240 1378 3292; x_wconf 89' lang='lat' dir='ltr'><strong>nec</strong></span> <span class='ocrx_word' id='word_1_234' title='bbox 1404 3241 1489 3294; x_wconf 91' lang='lat' dir='ltr'><strong>non</strong></span> <span class='ocrx_word' id='word_1_235' title='bbox 1516 3213 1687 3294; x_wconf 84' lang='lat' dir='ltr'><strong>hebraea</strong></span> <span class='ocrx_word' id='word_1_236' title='bbox 1715 3229 1755 3292; x_wconf 89' lang='lat' dir='ltr'><strong>et</strong></span> <span class='ocrx_word' id='word_1_237' title='bbox 1782 3239 1946 3319; x_wconf 83' lang='lat' dir='ltr'><strong>graeca,</strong></span> 
     </span>
     <span class='ocr_line' id='line_1_23' title="bbox 145 3335 1946 3449; baseline 0.001 -35"><span class='ocrx_word' id='word_1_238' title='bbox 145 3359 222 3422; x_wconf 74' lang='lat' dir='ltr'><strong>set</strong></span> <span class='ocrx_word' id='word_1_239' title='bbox 249 3342 537 3449; x_wconf 88' lang='lat' dir='ltr'><strong>manuscripta,</strong></span> <span class='ocrx_word' id='word_1_240' title='bbox 560 3365 663 3448; x_wconf 87' lang='lat' dir='ltr'><strong>quae</strong></span> <span class='ocrx_word' id='word_1_241' title='bbox 686 3339 729 3416; x_wconf 91' lang='lat' dir='ltr'><strong>in</strong></span> <span class='ocrx_word' id='word_1_242' title='bbox 757 3337 942 3417; x_wconf 90' lang='lat' dir='ltr'><strong>volumen</strong></span> <span class='ocrx_word' id='word_1_243' title='bbox 968 3365 1094 3418; x_wconf 92' lang='lat' dir='ltr'><strong>unum</strong></span> <span class='ocrx_word' id='word_1_244' title='bbox 1120 3337 1283 3418; x_wconf 89' lang='lat' dir='ltr'><strong>collecta</strong></span> <span class='ocrx_word' id='word_1_245' title='bbox 1310 3353 1406 3418; x_wconf 90' lang='lat' dir='ltr'><strong>sunt</strong></span> <span class='ocrx_word' id='word_1_246' title='bbox 1432 3337 1475 3416; x_wconf 94' lang='lat' dir='ltr'><strong>in</strong></span> <span class='ocrx_word' id='word_1_247' title='bbox 1503 3336 1670 3416; x_wconf 90' lang='lat' dir='ltr'><strong>aedibus</strong></span> <span class='ocrx_word' id='word_1_248' title='bbox 1697 3335 1946 3416; x_wconf 87' lang='lat' dir='ltr'><strong>illustrissimi</strong></span> 
     </span>
     <span class='ocr_line' id='line_1_24' title="bbox 145 3453 1947 3570; baseline -0.001 -31"><span class='ocrx_word' id='word_1_249' title='bbox 145 3465 304 3546; x_wconf 77' lang='lat' dir='ltr'><strong>»Card</strong></span> <span class='ocrx_word' id='word_1_250' title='bbox 330 3463 492 3545; x_wconf 87' lang='lat' dir='ltr'><strong>Carafae</strong></span> <span class='ocrx_word' id='word_1_251' title='bbox 521 3465 563 3544; x_wconf 94' lang='lat' dir='ltr'><strong>b.</strong></span> <span class='ocrx_word' id='word_1_252' title='bbox 586 3493 639 3542; x_wconf 93' lang='lat' dir='ltr'><strong>m.</strong></span> <span class='ocrx_word' id='word_1_253' title='bbox 666 3461 886 3570; x_wconf 80' lang='lat' dir='ltr'><strong>»Intellige</strong></span> <span class='ocrx_word' id='word_1_254' title='bbox 917 3453 1214 3541; x_wconf 82' lang='lat' dir='ltr'><strong>emendationes</strong></span> <span class='ocrx_word' id='word_1_255' title='bbox 1243 3487 1293 3540; x_wconf 86' lang='lat' dir='ltr'><strong>ex</strong></span> <span class='ocrx_word' id='word_1_256' title='bbox 1325 3459 1500 3540; x_wconf 89' lang='lat' dir='ltr'><strong>hebraeo</strong></span> <span class='ocrx_word' id='word_1_257' title='bbox 1528 3479 1568 3540; x_wconf 91' lang='lat' dir='ltr'><strong>et</strong></span> <span class='ocrx_word' id='word_1_258' title='bbox 1595 3486 1737 3568; x_wconf 91' lang='lat' dir='ltr'><strong>graeco</strong></span> <span class='ocrx_word' id='word_1_259' title='bbox 1769 3458 1947 3538; x_wconf 91' lang='lat' dir='ltr'><strong>fontibus</strong></span> 
     </span>
     <span class='ocr_line' id='line_1_25' title="bbox 141 3581 1946 3698; baseline -0.004 -28"><span class='ocrx_word' id='word_1_260' title='bbox 141 3589 385 3698; x_wconf 88' lang='lat' dir='ltr'><strong>desumptas,</strong></span> <span class='ocrx_word' id='word_1_261' title='bbox 407 3615 585 3670; x_wconf 89' lang='lat' dir='ltr'><strong>necnon</strong></span> <span class='ocrx_word' id='word_1_262' title='bbox 613 3585 889 3666; x_wconf 90' lang='lat' dir='ltr'><strong>annotationes</strong></span> <span class='ocrx_word' id='word_1_263' title='bbox 908 3613 958 3665; x_wconf 86' lang='lat' dir='ltr'><strong>ex</strong></span> <span class='ocrx_word' id='word_1_264' title='bbox 982 3584 1261 3693; x_wconf 85' lang='lat' dir='ltr'><strong>manuscriptis</strong></span> <span class='ocrx_word' id='word_1_265' title='bbox 1285 3583 1433 3692; x_wconf 90' lang='lat' dir='ltr'><strong>quibus</strong></span> <span class='ocrx_word' id='word_1_266' title='bbox 1451 3585 1619 3665; x_wconf 87' lang='lat' dir='ltr'><strong>refertus</strong></span> <span class='ocrx_word' id='word_1_267' title='bbox 1642 3599 1701 3664; x_wconf 88' lang='lat' dir='ltr'><strong>est</strong></span> <span class='ocrx_word' id='word_1_268' title='bbox 1720 3581 1849 3664; x_wconf 86' lang='lat' dir='ltr'><strong>codex</strong></span> <span class='ocrx_word' id='word_1_269' title='bbox 1875 3607 1946 3663; x_wconf 86' lang='lat' dir='ltr'><strong>no-</strong></span> 
     </span>
     <span class='ocr_line' id='line_1_26' title="bbox 140 3708 1949 3819; baseline -0.001 -26"><span class='ocrx_word' id='word_1_270' title='bbox 140 3731 216 3795; x_wconf 89' lang='lat' dir='ltr'><strong>ster</strong></span> <span class='ocrx_word' id='word_1_271' title='bbox 237 3715 479 3795; x_wconf 89' lang='lat' dir='ltr'><strong>carafianus:</strong></span> <span class='ocrx_word' id='word_1_272' title='bbox 504 3712 683 3819; x_wconf 90' lang='lat' dir='ltr'><strong>alioquin</strong></span> <span class='ocrx_word' id='word_1_273' title='bbox 712 3711 855 3814; x_wconf 85' lang='lat' dir='ltr'><strong>integri</strong></span> <span class='ocrx_word' id='word_1_274' title='bbox 883 3725 1015 3788; x_wconf 89' lang='lat' dir='ltr'><strong>textus</strong></span> <span class='ocrx_word' id='word_1_275' title='bbox 1043 3709 1203 3789; x_wconf 87' lang='lat' dir='ltr'><strong>hebraei</strong></span> <span class='ocrx_word' id='word_1_276' title='bbox 1226 3725 1267 3788; x_wconf 90' lang='lat' dir='ltr'><strong>et</strong></span> <span class='ocrx_word' id='word_1_277' title='bbox 1288 3709 1418 3816; x_wconf 89' lang='lat' dir='ltr'><strong>graeci</strong></span> <span class='ocrx_word' id='word_1_278' title='bbox 1446 3737 1526 3788; x_wconf 90' lang='lat' dir='ltr'><strong>una</strong></span> <span class='ocrx_word' id='word_1_279' title='bbox 1550 3735 1638 3788; x_wconf 90' lang='lat' dir='ltr'><strong>cum</strong></span> <span class='ocrx_word' id='word_1_280' title='bbox 1668 3708 1949 3815; x_wconf 80' lang='lat' dir='ltr'><strong>manuscriptis</strong></span> 
     </span>
     <span class='ocr_line' id='line_1_27' title="bbox 140 3831 1946 3948; baseline -0.003 -31"><span class='ocrx_word' id='word_1_281' title='bbox 140 3843 209 3946; x_wconf 92' lang='lat' dir='ltr'><strong>qui</strong></span> <span class='ocrx_word' id='word_1_282' title='bbox 236 3855 406 3948; x_wconf 89' lang='lat' dir='ltr'><strong>possunt</strong></span> <span class='ocrx_word' id='word_1_283' title='bbox 433 3838 473 3914; x_wconf 93' lang='lat' dir='ltr'><strong>in</strong></span> <span class='ocrx_word' id='word_1_284' title='bbox 497 3863 623 3916; x_wconf 89' lang='lat' dir='ltr'><strong>uuum</strong></span> <span class='ocrx_word' id='word_1_285' title='bbox 651 3836 840 3914; x_wconf 89' lang='lat' dir='ltr'><strong>volumen</strong></span> <span class='ocrx_word' id='word_1_286' title='bbox 869 3831 1116 3914; x_wconf 78' lang='lat' dir='ltr'><strong>coalescere?</strong></span> <span class='ocrx_word' id='word_1_287' title='bbox 1134 3833 1187 3912; x_wconf 86' lang='lat' dir='ltr'><strong>V.</strong></span> <span class='ocrx_word' id='word_1_288' title='bbox 1207 3831 1371 3914; x_wconf 83' lang='lat' dir='ltr'><strong>Accedit</strong></span> <span class='ocrx_word' id='word_1_289' title='bbox 1392 3835 1605 3914; x_wconf 87' lang='lat' dir='ltr'><strong>auotoritas</strong></span> <span class='ocrx_word' id='word_1_290' title='bbox 1627 3831 1777 3914; x_wconf 89' lang='lat' dir='ltr'><strong>codicis</strong></span> <span class='ocrx_word' id='word_1_291' title='bbox 1802 3832 1946 3912; x_wconf 91' lang='lat' dir='ltr'><strong>biblio·</strong></span> 
     </span>
     <span class='ocr_line' id='line_1_28' title="bbox 141 3957 1943 4069; baseline -0.003 -27"><span class='ocrx_word' id='word_1_292' title='bbox 141 3964 275 4044; x_wconf 89' lang='lat' dir='ltr'><strong>thecae</strong></span> <span class='ocrx_word' id='word_1_293' title='bbox 294 3962 510 4069; x_wconf 90' lang='lat' dir='ltr'><strong>angelicae,</strong></span> <span class='ocrx_word' id='word_1_294' title='bbox 527 3960 599 4068; x_wconf 88' lang='lat' dir='ltr'><strong>qui</strong></span> <span class='ocrx_word' id='word_1_295' title='bbox 617 3975 738 4068; x_wconf 83' lang='lat' dir='ltr'><strong>typus</strong></span> <span class='ocrx_word' id='word_1_296' title='bbox 755 3977 815 4040; x_wconf 88' lang='lat' dir='ltr'><strong>est</strong></span> <span class='ocrx_word' id='word_1_297' title='bbox 832 3958 1064 4067; x_wconf 88' lang='lat' dir='ltr'><strong>posterioris</strong></span> <span class='ocrx_word' id='word_1_298' title='bbox 1078 3957 1422 4065; x_wconf 87' lang='lat' dir='ltr'><strong>Congregationis,</strong></span> <span class='ocrx_word' id='word_1_299' title='bbox 1438 3960 1698 4066; x_wconf 90' lang='lat' dir='ltr'><strong>gregorianae</strong></span> <span class='ocrx_word' id='word_1_300' title='bbox 1714 3958 1887 4064; x_wconf 87' lang='lat' dir='ltr'><strong>scilicet(</strong></span> <span class='ocrx_word' id='word_1_301' title='bbox 1914 3959 1943 4063; x_wconf 92' lang='lat'><strong>).</strong></span> 
     </span>
    </p>

    <p class='ocr_par' dir='ltr' id='par_1_6' title="bbox 139 4082 1949 4318">
     <span class='ocr_line' id='line_1_29' title="bbox 141 4082 1949 4190; baseline 0.001 -26"><span class='ocrx_word' id='word_1_302' title='bbox 141 4087 196 4166; x_wconf 94' lang='lat' dir='ltr'><strong>lbi</strong></span> <span class='ocrx_word' id='word_1_303' title='bbox 225 4089 335 4168; x_wconf 88' lang='lat' dir='ltr'><strong>Gen.</strong></span> <span class='ocrx_word' id='word_1_304' title='bbox 364 4086 443 4180; x_wconf 92' lang='lat' dir='ltr'><strong>Vl,</strong></span> <span class='ocrx_word' id='word_1_305' title='bbox 474 4087 514 4164; x_wconf 87' lang='lat'><strong>6.</strong></span> <span class='ocrx_word' id='word_1_306' title='bbox 536 4085 579 4163; x_wconf 90' lang='lat' dir='ltr'><strong>in</strong></span> <span class='ocrx_word' id='word_1_307' title='bbox 606 4086 782 4190; x_wconf 91' lang='lat' dir='ltr'><strong>margine</strong></span> <span class='ocrx_word' id='word_1_308' title='bbox 811 4101 992 4164; x_wconf 90' lang='lat' dir='ltr'><strong>notatum</strong></span> <span class='ocrx_word' id='word_1_309' title='bbox 1018 4082 1181 4190; x_wconf 89' lang='lat' dir='ltr'><strong>legitur:</strong></span> <span class='ocrx_word' id='word_1_310' title='bbox 1207 4085 1491 4164; x_wconf 74' lang='lat' dir='ltr'><strong>«Praecavent</strong></span> <span class='ocrx_word' id='word_1_311' title='bbox 1519 4085 1564 4164; x_wconf 84' lang='lat' dir='ltr'><strong>in</strong></span> <span class='ocrx_word' id='word_1_312' title='bbox 1585 4087 1786 4190; x_wconf 77' lang='lat' dir='ltr'><strong>futuram</strong></span> <span class='ocrx_word' id='word_1_313' title='bbox 1809 4113 1829 4158; x_wconf 78' lang='lat' dir='ltr'><strong>r</strong></span> <span class='ocrx_word' id='word_1_314' title='bbox 1851 4083 1949 4164; x_wconf 78' lang='lat' dir='ltr'><strong>hoec</strong></span> 
     </span>
     <span class='ocr_line' id='line_1_30' title="bbox 139 4203 1948 4318; baseline -0.004 -30"><span class='ocrx_word' id='word_1_315' title='bbox 139 4215 246 4293; x_wconf 76' lang='lat' dir='ltr'><strong>aerbo</strong></span> <span class='ocrx_word' id='word_1_316' title='bbox 268 4212 402 4291; x_wconf 84' lang='lat' dir='ltr'><strong>deleto</strong></span> <span class='ocrx_word' id='word_1_317' title='bbox 423 4227 523 4290; x_wconf 84' lang='lat' dir='ltr'><strong>sunt</strong></span> <span class='ocrx_word' id='word_1_318' title='bbox 546 4239 573 4289; x_wconf 88' lang='lat' dir='ltr'><strong>a</strong></span> <span class='ocrx_word' id='word_1_319' title='bbox 594 4209 715 4290; x_wconf 72' lang='lat' dir='ltr'><strong>Siata</strong></span> <span class='ocrx_word' id='word_1_320' title='bbox 746 4213 800 4290; x_wconf 90' lang='lat' dir='ltr'><strong>V.</strong></span> <span class='ocrx_word' id='word_1_321' title='bbox 821 4227 858 4288; x_wconf 88' lang='lat' dir='ltr'><strong>et</strong></span> <span class='ocrx_word' id='word_1_322' title='bbox 879 4239 910 4287; x_wconf 82' lang='lat' dir='ltr'><strong>o</strong></span> <span class='ocrx_word' id='word_1_323' title='bbox 933 4209 1332 4318; x_wconf 82' lang='lat' dir='ltr'><strong>Congregotionibus.</strong></span> <span class='ocrx_word' id='word_1_324' title='bbox 1357 4207 1450 4315; x_wconf 87' lang='lat' dir='ltr'><strong>(Cf.</strong></span> <span class='ocrx_word' id='word_1_325' title='bbox 1476 4205 1582 4288; x_wconf 84' lang='lat' dir='ltr'><strong>diota</strong></span> <span class='ocrx_word' id='word_1_326' title='bbox 1605 4207 1789 4314; x_wconf 89' lang='lat' dir='ltr'><strong>superius</strong></span> <span class='ocrx_word' id='word_1_327' title='bbox 1809 4207 1845 4307; x_wconf 74' lang='lat' dir='ltr'><strong>S.</strong></span> <span class='ocrx_word' id='word_1_328' title='bbox 1868 4203 1948 4311; x_wconf 88' lang='lat' dir='ltr'><strong>V.)</strong></span> 
     </span>
    </p>

    <p class='ocr_par' dir='ltr' id='par_1_7' title="bbox 127 4331 1950 5318">
     <span class='ocr_line' id='line_1_31' title="bbox 141 4331 1947 4444; baseline 0.001 -34"><span class='ocrx_word' id='word_1_329' title='bbox 141 4335 206 4415; x_wconf 96' lang='lat' dir='ltr'><strong>Vl.</strong></span> <span class='ocrx_word' id='word_1_330' title='bbox 227 4340 518 4444; x_wconf 87' lang='lat' dir='ltr'><strong>Argumentum</strong></span> <span class='ocrx_word' id='word_1_331' title='bbox 542 4333 773 4442; x_wconf 88' lang='lat' dir='ltr'><strong>suppeditat</strong></span> <span class='ocrx_word' id='word_1_332' title='bbox 791 4334 1025 4414; x_wconf 88' lang='lat' dir='ltr'><strong>Franciscus</strong></span> <span class='ocrx_word' id='word_1_333' title='bbox 1044 4335 1194 4430; x_wconf 88' lang='lat' dir='ltr'><strong>Lucas,</strong></span> <span class='ocrx_word' id='word_1_334' title='bbox 1216 4333 1433 4440; x_wconf 83' lang='lat' dir='ltr'><strong>Brugcnsis</strong></span> <span class='ocrx_word' id='word_1_335' title='bbox 1454 4331 1603 4428; x_wconf 88' lang='lat' dir='ltr'><strong>dictus,</strong></span> <span class='ocrx_word' id='word_1_336' title='bbox 1624 4333 1666 4414; x_wconf 91' lang='lat' dir='ltr'><strong>in</strong></span> <span class='ocrx_word' id='word_1_337' title='bbox 1684 4359 1760 4414; x_wconf 88' lang='lat' dir='ltr'><strong>suo</strong></span> <span class='ocrx_word' id='word_1_338' title='bbox 1778 4331 1947 4414; x_wconf 75' lang='lat' dir='ltr'><strong>Delectat</strong></span> 
     </span>
     <span class='ocr_line' id='line_1_32' title="bbox 141 4453 1947 4568; baseline -0.002 -30"><span class='ocrx_word' id='word_1_339' title='bbox 141 4461 419 4542; x_wconf 69' lang='lat' dir='ltr'><strong>Barcanorum</strong></span> <span class='ocrx_word' id='word_1_340' title='bbox 443 4475 600 4540; x_wconf 80' lang='lat' dir='ltr'><strong>aomaat.</strong></span> <span class='ocrx_word' id='word_1_341' title='bbox 623 4459 682 4538; x_wconf 87' lang='lat' dir='ltr'><strong>od</strong></span> <span class='ocrx_word' id='word_1_342' title='bbox 698 4463 743 4540; x_wconf 86' lang='lat' dir='ltr'><strong>V</strong></span> <span class='ocrx_word' id='word_1_343' title='bbox 741 4460 923 4568; x_wconf 83' lang='lat' dir='ltr'><strong>algotom</strong></span> <span class='ocrx_word' id='word_1_344' title='bbox 948 4459 1018 4567; x_wconf 91' lang='lat' dir='ltr'><strong>qui</strong></span> <span class='ocrx_word' id='word_1_345' title='bbox 1043 4457 1288 4564; x_wconf 89' lang='lat' dir='ltr'><strong>ubicumque</strong></span> <span class='ocrx_word' id='word_1_346' title='bbox 1310 4456 1520 4538; x_wconf 88' lang='lat' dir='ltr'><strong>lectionem</strong></span> <span class='ocrx_word' id='word_1_347' title='bbox 1545 4455 1678 4550; x_wconf 82' lang='lat' dir='ltr'><strong>affert,</strong></span> <span class='ocrx_word' id='word_1_348' title='bbox 1700 4483 1791 4536; x_wconf 91' lang='lat' dir='ltr'><strong>aum</strong></span> <span class='ocrx_word' id='word_1_349' title='bbox 1814 4453 1947 4538; x_wconf 81' lang='lat' dir='ltr'><strong>addita</strong></span> 
     </span>
     <span class='ocr_line' id='line_1_33' title="bbox 139 4579 1950 4682; baseline -0.002 -19"><span class='ocrx_word' id='word_1_350' title='bbox 139 4587 310 4668; x_wconf 89' lang='lat' dir='ltr'><strong>clausola</strong></span> <span class='ocrx_word' id='word_1_351' title='bbox 335 4615 385 4666; x_wconf 85' lang='lat' dir='ltr'><strong>ex</strong></span> <span class='ocrx_word' id='word_1_352' title='bbox 408 4584 643 4666; x_wconf 85' lang='lat' dir='ltr'><strong>correctione</strong></span> <span class='ocrx_word' id='word_1_353' title='bbox 665 4585 844 4680; x_wconf 77' lang='lat' dir='ltr'><strong>tiatirao,</strong></span> <span class='ocrx_word' id='word_1_354' title='bbox 870 4613 952 4664; x_wconf 91' lang='lat' dir='ltr'><strong>non</strong></span> <span class='ocrx_word' id='word_1_355' title='bbox 976 4583 1079 4664; x_wconf 88' lang='lat' dir='ltr'><strong>Sixti</strong></span> <span class='ocrx_word' id='word_1_356' title='bbox 1101 4582 1293 4682; x_wconf 84' lang='lat' dir='ltr'><strong>editioni,</strong></span> <span class='ocrx_word' id='word_1_357' title='bbox 1313 4609 1453 4662; x_wconf 92' lang='lat' dir='ltr'><strong>verum</strong></span> <span class='ocrx_word' id='word_1_358' title='bbox 1478 4579 1607 4662; x_wconf 91' lang='lat' dir='ltr'><strong>codici</strong></span> <span class='ocrx_word' id='word_1_359' title='bbox 1631 4579 1831 4662; x_wconf 81' lang='lat' dir='ltr'><strong>catellano</strong></span> <span class='ocrx_word' id='word_1_360' title='bbox 1852 4606 1950 4662; x_wconf 87' lang='lat' dir='ltr'><strong>con-</strong></span> 
     </span>
     <span class='ocr_line' id='line_1_34' title="bbox 139 4704 1945 4819; baseline -0.002 -31"><span class='ocrx_word' id='word_1_361' title='bbox 139 4712 247 4790; x_wconf 87' lang='lat' dir='ltr'><strong>cinit.</strong></span> <span class='ocrx_word' id='word_1_362' title='bbox 289 4713 336 4790; x_wconf 87' lang='lat' dir='ltr'><strong>Et</strong></span> <span class='ocrx_word' id='word_1_363' title='bbox 364 4712 544 4819; x_wconf 88' lang='lat' dir='ltr'><strong>quamvis</strong></span> <span class='ocrx_word' id='word_1_364' title='bbox 579 4711 731 4790; x_wconf 86' lang='lat' dir='ltr'><strong>sineere</strong></span> <span class='ocrx_word' id='word_1_365' title='bbox 763 4709 957 4789; x_wconf 90' lang='lat' dir='ltr'><strong>fateamur</strong></span> <span class='ocrx_word' id='word_1_366' title='bbox 990 4708 1180 4788; x_wconf 86' lang='lat' dir='ltr'><strong>infirmari</strong></span> <span class='ocrx_word' id='word_1_367' title='bbox 1207 4735 1257 4787; x_wconf 89' lang='lat' dir='ltr'><strong>ex</strong></span> <span class='ocrx_word' id='word_1_368' title='bbox 1284 4735 1331 4788; x_wconf 93' lang='lat' dir='ltr'><strong>eo</strong></span> <span class='ocrx_word' id='word_1_369' title='bbox 1359 4732 1476 4813; x_wconf 90' lang='lat' dir='ltr'><strong>posse</strong></span> <span class='ocrx_word' id='word_1_370' title='bbox 1508 4704 1614 4784; x_wconf 89' lang='lat' dir='ltr'><strong>istud</strong></span> <span class='ocrx_word' id='word_1_371' title='bbox 1646 4721 1945 4810; x_wconf 86' lang='lat' dir='ltr'><strong>argumentum,</strong></span> 
     </span>
     <span class='ocr_line' id='line_1_35' title="bbox 140 4830 1949 4944; baseline -0.003 -30"><span class='ocrx_word' id='word_1_372' title='bbox 140 4833 247 4942; x_wconf 87' lang='lat' dir='ltr'><strong>quod</strong></span> <span class='ocrx_word' id='word_1_373' title='bbox 273 4835 487 4944; x_wconf 87' lang='lat' dir='ltr'><strong>theologus</strong></span> <span class='ocrx_word' id='word_1_374' title='bbox 515 4835 578 4914; x_wconf 90' lang='lat' dir='ltr'><strong>hic</strong></span> <span class='ocrx_word' id='word_1_375' title='bbox 601 4833 841 4914; x_wconf 88' lang='lat' dir='ltr'><strong>lovaniensis</strong></span> <span class='ocrx_word' id='word_1_376' title='bbox 867 4833 1036 4913; x_wconf 88' lang='lat' dir='ltr'><strong>sixtinae</strong></span> <span class='ocrx_word' id='word_1_377' title='bbox 1065 4832 1252 4912; x_wconf 90' lang='lat' dir='ltr'><strong>editionis</strong></span> <span class='ocrx_word' id='word_1_378' title='bbox 1279 4832 1440 4910; x_wconf 89' lang='lat' dir='ltr'><strong>nomine</strong></span> <span class='ocrx_word' id='word_1_379' title='bbox 1466 4830 1648 4910; x_wconf 90' lang='lat' dir='ltr'><strong>videatur</strong></span> <span class='ocrx_word' id='word_1_380' title='bbox 1674 4830 1851 4912; x_wconf 83' lang='lat' dir='ltr'><strong>innuisse</strong></span> <span class='ocrx_word' id='word_1_381' title='bbox 1872 4830 1949 4910; x_wconf 89' lang='lat' dir='ltr'><strong>cle·</strong></span> 
     </span>
     <span class='ocr_line' id='line_1_36' title="bbox 139 4951 1949 5070; baseline -0.002 -33"><span class='ocrx_word' id='word_1_382' title='bbox 139 4964 352 5042; x_wconf 87' lang='lat' dir='ltr'><strong>mentinam</strong></span> <span class='ocrx_word' id='word_1_383' title='bbox 371 4978 411 5040; x_wconf 91' lang='lat' dir='ltr'><strong>at</strong></span> <span class='ocrx_word' id='word_1_384' title='bbox 429 4961 645 5070; x_wconf 89' lang='lat' dir='ltr'><strong>praecipue</strong></span> <span class='ocrx_word' id='word_1_385' title='bbox 663 4961 824 5042; x_wconf 88' lang='lat' dir='ltr'><strong>alteram</strong></span> <span class='ocrx_word' id='word_1_386' title='bbox 843 4987 950 5040; x_wconf 89' lang='lat' dir='ltr'><strong>anno</strong></span> <span class='ocrx_word' id='word_1_387' title='bbox 969 4957 1190 5038; x_wconf 89' lang='lat' dir='ltr'><strong>MDXCllI.</strong></span> <span class='ocrx_word' id='word_1_388' title='bbox 1216 4958 1380 5036; x_wconf 90' lang='lat' dir='ltr'><strong>unicum</strong></span> <span class='ocrx_word' id='word_1_389' title='bbox 1400 4951 1500 5036; x_wconf 80' lang='lat' dir='ltr'><strong>sixti</strong></span> <span class='ocrx_word' id='word_1_390' title='bbox 1520 4955 1572 5032; x_wconf 89' lang='lat' dir='ltr'><strong>V.</strong></span> <span class='ocrx_word' id='word_1_391' title='bbox 1590 4981 1734 5035; x_wconf 85' lang='lat' dir='ltr'><strong>nonren</strong></span> <span class='ocrx_word' id='word_1_392' title='bbox 1756 4951 1796 5032; x_wconf 90' lang='lat' dir='ltr'><strong>in</strong></span> <span class='ocrx_word' id='word_1_393' title='bbox 1817 4953 1949 5034; x_wconf 88' lang='lat' dir='ltr'><strong>fronte</strong></span> 
     </span>
     <span class='ocr_line' id='line_1_37' title="bbox 139 5081 1948 5191; baseline -0.004 -28"><span class='ocrx_word' id='word_1_394' title='bbox 139 5103 358 5191; x_wconf 65' lang='lat' dir='ltr'><strong>gerentem</strong></span> <span class='ocrx_word' id='word_1_395' title='bbox 385 5088 586 5165; x_wconf 86' lang='lat' dir='ltr'><strong>enimvero</strong></span> <span class='ocrx_word' id='word_1_396' title='bbox 613 5101 811 5164; x_wconf 90' lang='lat' dir='ltr'><strong>testantur</strong></span> <span class='ocrx_word' id='word_1_397' title='bbox 836 5082 1116 5190; x_wconf 76' lang='lat' dir='ltr'><strong>Bulaentopius</strong></span> <span class='ocrx_word' id='word_1_398' title='bbox 1140 5083 1206 5189; x_wconf 86' lang='lat' dir='ltr'><strong>(in</strong></span> <span class='ocrx_word' id='word_1_399' title='bbox 1226 5085 1321 5162; x_wconf 76' lang='lat' dir='ltr'><strong>Lux</strong></span> <span class='ocrx_word' id='word_1_400' title='bbox 1343 5082 1391 5160; x_wconf 86' lang='lat' dir='ltr'><strong>dc</strong></span> <span class='ocrx_word' id='word_1_401' title='bbox 1412 5081 1499 5159; x_wconf 85' lang='lat' dir='ltr'><strong>luce</strong></span> <span class='ocrx_word' id='word_1_402' title='bbox 1517 5109 1564 5188; x_wconf 83' lang='lat' dir='ltr'><strong>p.</strong></span> <span class='ocrx_word' id='word_1_403' title='bbox 1589 5081 1705 5184; x_wconf 77' lang='lat'><strong>127.)</strong></span> <span class='ocrx_word' id='word_1_404' title='bbox 1731 5094 1771 5157; x_wconf 89' lang='lat' dir='ltr'><strong>et</strong></span> <span class='ocrx_word' id='word_1_405' title='bbox 1796 5105 1948 5186; x_wconf 91' lang='lat' dir='ltr'><strong>anony-</strong></span> 
     </span>
     <span class='ocr_line' id='line_1_38' title="bbox 127 5201 1949 5318; baseline -0.003 -32"><span class='ocrx_word' id='word_1_406' title='bbox 127 5229 223 5289; x_wconf 81' lang='lat' dir='ltr'><strong>mus</strong></span> <span class='ocrx_word' id='word_1_407' title='bbox 246 5227 389 5290; x_wconf 89' lang='lat' dir='ltr'><strong>auctor</strong></span> <span class='ocrx_word' id='word_1_408' title='bbox 408 5210 597 5318; x_wconf 89' lang='lat' dir='ltr'><strong>epistolae</strong></span> <span class='ocrx_word' id='word_1_409' title='bbox 616 5208 883 5316; x_wconf 82' lang='lat' dir='ltr'><strong>apologeticae</strong></span> <span class='ocrx_word' id='word_1_410' title='bbox 901 5206 1097 5314; x_wconf 66' lang='lat' dir='ltr'><strong>(Lovoroi</strong></span> <span class='ocrx_word' id='word_1_411' title='bbox 1113 5205 1245 5286; x_wconf 85' lang='lat' dir='ltr'><strong>editoe</strong></span> <span class='ocrx_word' id='word_1_412' title='bbox 1269 5205 1411 5312; x_wconf 71' lang='lat'><strong>1754.)</strong></span> <span class='ocrx_word' id='word_1_413' title='bbox 1432 5231 1513 5284; x_wconf 92' lang='lat' dir='ltr'><strong>non</strong></span> <span class='ocrx_word' id='word_1_414' title='bbox 1537 5202 1682 5282; x_wconf 88' lang='lat' dir='ltr'><strong>vidisse</strong></span> <span class='ocrx_word' id='word_1_415' title='bbox 1705 5201 1852 5282; x_wconf 81' lang='lat' dir='ltr'><strong>Lucam</strong></span> <span class='ocrx_word' id='word_1_416' title='bbox 1874 5202 1949 5282; x_wconf 88' lang='lat' dir='ltr'><strong>nisi</strong></span> 
     </span>
    </p>

    <p class='ocr_par' dir='ltr' id='par_1_8' title="bbox 21 5329 1948 5585">
     <span class='ocr_line' id='line_1_39' title="bbox 21 5329 1948 5441; baseline -0.004 -29"><span class='ocrx_word' id='word_1_417' title='bbox 21 5371 22 5437; x_wconf 57' lang='lat' dir='ltr'><strong>p</strong></span> <span class='ocrx_word' id='word_1_418' title='bbox 139 5332 351 5414; x_wconf 89' lang='lat' dir='ltr'><strong>editionem</strong></span> <span class='ocrx_word' id='word_1_419' title='bbox 387 5335 546 5414; x_wconf 90' lang='lat' dir='ltr'><strong>alteram</strong></span> <span class='ocrx_word' id='word_1_420' title='bbox 583 5335 888 5427; x_wconf 87' lang='lat' dir='ltr'><strong>clementinam,</strong></span> <span class='ocrx_word' id='word_1_421' title='bbox 921 5333 1121 5441; x_wconf 90' lang='lat' dir='ltr'><strong>planeque</strong></span> <span class='ocrx_word' id='word_1_422' title='bbox 1155 5331 1358 5438; x_wconf 90' lang='lat' dir='ltr'><strong>ignorasse</strong></span> <span class='ocrx_word' id='word_1_423' title='bbox 1391 5346 1631 5438; x_wconf 89' lang='lat' dir='ltr'><strong>postremam</strong></span> <span class='ocrx_word' id='word_1_424' title='bbox 1662 5329 1948 5408; x_wconf 85' lang='lat' dir='ltr'><strong>correctionem</strong></span> 
     </span>
     <span class='ocr_line' id='line_1_40' title="bbox 21 5440 1948 5585; baseline -0.006 -49"><span class='ocrx_word' id='word_1_425' title='bbox 21 5440 23 5585; x_wconf 64' lang='lat' dir='ltr'><strong>l</strong></span> <span class='ocrx_word' id='word_1_426' title='bbox 140 5457 667 5564; x_wconf 89' lang='lat' dir='ltr'><strong>gregoriano-clementinam</strong></span> <span class='ocrx_word' id='word_1_427' title='bbox 692 5456 888 5538; x_wconf 90' lang='lat' dir='ltr'><strong>diversam</strong></span> <span class='ocrx_word' id='word_1_428' title='bbox 909 5485 930 5536; x_wconf 91' lang='lat' dir='ltr'><strong>a</strong></span> <span class='ocrx_word' id='word_1_429' title='bbox 951 5457 1048 5536; x_wconf 88' lang='lat' dir='ltr'><strong>Sixti</strong></span> <span class='ocrx_word' id='word_1_430' title='bbox 1074 5456 1127 5534; x_wconf 91' lang='lat' dir='ltr'><strong>V.</strong></span> <span class='ocrx_word' id='word_1_431' title='bbox 1149 5454 1323 5536; x_wconf 89' lang='lat' dir='ltr'><strong>editione</strong></span> <span class='ocrx_word' id='word_1_432' title='bbox 1346 5453 1484 5550; x_wconf 85' lang='lat' dir='ltr'><strong>fuisse3</strong></span> <span class='ocrx_word' id='word_1_433' title='bbox 1507 5451 1601 5532; x_wconf 91' lang='lat' dir='ltr'><strong>dato</strong></span> <span class='ocrx_word' id='word_1_434' title='bbox 1626 5450 1704 5529; x_wconf 92' lang='lat' dir='ltr'><strong>hoc</strong></span> <span class='ocrx_word' id='word_1_435' title='bbox 1729 5453 1865 5544; x_wconf 88' lang='lat' dir='ltr'><strong>etiam,</strong></span> <span class='ocrx_word' id='word_1_436' title='bbox 1888 5449 1948 5526; x_wconf 93' lang='lat' dir='ltr'><strong>in-</strong></span> 
     </span>
    </p>
   </div>
   <div class='ocr_carea' id='block_1_3' title="bbox 141 5714 1953 6066">
    <p class='ocr_par' dir='ltr' id='par_1_9' title="bbox 141 5714 1953 6066">
     <span class='ocr_line' id='line_1_41' title="bbox 244 5714 1948 5800; baseline -0.006 -20"><span class='ocrx_word' id='word_1_437' title='bbox 244 5730 283 5794; x_wconf 85' lang='lat' dir='ltr'><strong>(t)</strong></span> <span class='ocrx_word' id='word_1_438' title='bbox 301 5723 392 5783; x_wconf 85' lang='lat' dir='ltr'><strong>Codex</strong></span> <span class='ocrx_word' id='word_1_439' title='bbox 409 5723 595 5784; x_wconf 85' lang='lat' dir='ltr'><strong>bibliothecae</strong></span> <span class='ocrx_word' id='word_1_440' title='bbox 613 5725 769 5800; x_wconf 81' lang='lat' dir='ltr'><strong>angelicae,</strong></span> <span class='ocrx_word' id='word_1_441' title='bbox 786 5725 863 5800; x_wconf 87' lang='lat' dir='ltr'><strong>quod</strong></span> <span class='ocrx_word' id='word_1_442' title='bbox 878 5740 930 5783; x_wconf 90' lang='lat' dir='ltr'><strong>suo</strong></span> <span class='ocrx_word' id='word_1_443' title='bbox 947 5725 1009 5784; x_wconf 89' lang='lat' dir='ltr'><strong>loco</strong></span> <span class='ocrx_word' id='word_1_444' title='bbox 1080 5725 1225 5798; x_wconf 81' lang='lat' dir='ltr'><strong>ignotum,</strong></span> <span class='ocrx_word' id='word_1_445' title='bbox 1240 5725 1276 5781; x_wconf 71' lang='lat' dir='ltr'><strong>&#39;in</strong></span> <span class='ocrx_word' id='word_1_446' title='bbox 1292 5721 1418 5781; x_wconf 86' lang='lat' dir='ltr'><strong>vaticana</strong></span> <span class='ocrx_word' id='word_1_447' title='bbox 1437 5717 1577 5777; x_wconf 86' lang='lat' dir='ltr'><strong>adservari</strong></span> <span class='ocrx_word' id='word_1_448' title='bbox 1595 5714 1848 5791; x_wconf 78' lang='lat' dir='ltr'><strong>deprehendimus,</strong></span> <span class='ocrx_word' id='word_1_449' title='bbox 1868 5725 1948 5770; x_wconf 87' lang='lat' dir='ltr'><strong>euru·</strong></span> 
     </span>
     <span class='ocr_line' id='line_1_42' title="bbox 141 5805 1948 5890; baseline -0.007 -21"><span class='ocrx_word' id='word_1_450' title='bbox 141 5811 410 5883; x_wconf 83' lang='lat' dir='ltr'><strong>demonstrabimus,</strong></span> <span class='ocrx_word' id='word_1_451' title='bbox 428 5815 539 5873; x_wconf 82' lang='lat' dir='ltr'><strong>exhibet</strong></span> <span class='ocrx_word' id='word_1_452' title='bbox 556 5816 739 5874; x_wconf 87' lang='lat' dir='ltr'><strong>correctiones</strong></span> <span class='ocrx_word' id='word_1_453' title='bbox 756 5831 772 5874; x_wconf 87' lang='lat' dir='ltr'><strong>a</strong></span> <span class='ocrx_word' id='word_1_454' title='bbox 792 5814 963 5889; x_wconf 82' lang='lat' dir='ltr'><strong>gregorianis</strong></span> <span class='ocrx_word' id='word_1_455' title='bbox 983 5824 1010 5872; x_wconf 91' lang='lat' dir='ltr'><strong>et</strong></span> <span class='ocrx_word' id='word_1_456' title='bbox 1083 5829 1138 5890; x_wconf 87' lang='lat' dir='ltr'><strong>qua</strong></span> <span class='ocrx_word' id='word_1_457' title='bbox 1156 5813 1185 5870; x_wconf 93' lang='lat' dir='ltr'><strong>in</strong></span> <span class='ocrx_word' id='word_1_458' title='bbox 1204 5815 1357 5885; x_wconf 82' lang='lat' dir='ltr'><strong>apparata</strong></span> <span class='ocrx_word' id='word_1_459' title='bbox 1374 5808 1575 5868; x_wconf 85' lang='lat' dir='ltr'><strong>describemus.</strong></span> <span class='ocrx_word' id='word_1_460' title='bbox 1594 5805 1786 5863; x_wconf 77' lang='lat' dir='ltr'><strong>Nihilominus</strong></span> <span class='ocrx_word' id='word_1_461' title='bbox 1805 5815 1885 5858; x_wconf 88' lang='lat' dir='ltr'><strong>mam</strong></span> <span class='ocrx_word' id='word_1_462' title='bbox 1904 5815 1948 5858; x_wconf 87' lang='lat' dir='ltr'><strong>ra·</strong></span> 
     </span>
     <span class='ocr_line' id='line_1_43' title="bbox 141 5893 1953 5978; baseline -0.005 -23"><span class='ocrx_word' id='word_1_463' title='bbox 141 5900 346 5960; x_wconf 80' lang='lat' dir='ltr'><strong>salamantinis</strong></span> <span class='ocrx_word' id='word_1_464' title='bbox 363 5903 508 5976; x_wconf 87' lang='lat' dir='ltr'><strong>probatas,</strong></span> <span class='ocrx_word' id='word_1_465' title='bbox 521 5919 591 5978; x_wconf 86' lang='lat' dir='ltr'><strong>quas</strong></span> <span class='ocrx_word' id='word_1_466' title='bbox 607 5905 732 5976; x_wconf 81' lang='lat' dir='ltr'><strong>Angeias</strong></span> <span class='ocrx_word' id='word_1_467' title='bbox 746 5905 837 5962; x_wconf 83' lang='lat' dir='ltr'><strong>Rocca</strong></span> <span class='ocrx_word' id='word_1_468' title='bbox 854 5899 1006 5960; x_wconf 87' lang='lat' dir='ltr'><strong>adnotavit.</strong></span> <span class='ocrx_word' id='word_1_469' title='bbox 1080 5903 1152 5960; x_wconf 89' lang='lat' dir='ltr'><strong>tinet</strong></span> <span class='ocrx_word' id='word_1_470' title='bbox 1172 5901 1228 5958; x_wconf 86' lang='lat' dir='ltr'><strong>vim</strong></span> <span class='ocrx_word' id='word_1_471' title='bbox 1252 5907 1451 5974; x_wconf 80' lang='lat' dir='ltr'><strong>argumentum</strong></span> <span class='ocrx_word' id='word_1_472' title='bbox 1472 5895 1548 5970; x_wconf 83' lang='lat' dir='ltr'><strong>quod</strong></span> <span class='ocrx_word' id='word_1_473' title='bbox 1571 5902 1669 5954; x_wconf 78' lang='lat' dir='ltr'><strong>auawr</strong></span> <span class='ocrx_word' id='word_1_474' title='bbox 1682 5899 1782 5949; x_wconf 63' lang='grc' dir='ltr'><strong>ἠοω</strong></span> <span class='ocrx_word' id='word_1_475' title='bbox 1801 5905 1837 5948; x_wconf 78' lang='grc' dir='ltr'><strong>οι.</strong></span> <span class='ocrx_word' id='word_1_476' title='bbox 1855 5893 1953 5963; x_wconf 82' lang='lat' dir='ltr'><strong>posta·</strong></span> 
     </span>
     <span class='ocr_line' id='line_1_44' title="bbox 142 5987 1551 6066; baseline 0 -23"><span class='ocrx_word' id='word_1_477' title='bbox 142 5988 250 6062; x_wconf 79' lang='lat' dir='ltr'><strong>&#39;typum</strong></span> <span class='ocrx_word' id='word_1_478' title='bbox 275 5999 371 6050; x_wconf 82' lang='lat' dir='ltr'><strong>autern</strong></span> <span class='ocrx_word' id='word_1_479' title='bbox 392 5992 572 6066; x_wconf 77' lang='lat' dir='ltr'><strong>gregorianae</strong></span> <span class='ocrx_word' id='word_1_480' title='bbox 596 5993 825 6066; x_wconf 77' lang='lat' dir='ltr'><strong>congregationis</strong></span> <span class='ocrx_word' id='word_1_481' title='bbox 842 5991 1006 6066; x_wconf 79' lang='lat' dir='ltr'><strong>Ungareiiio</strong></span> <span class='ocrx_word' id='word_1_482' title='bbox 1077 5991 1146 6049; x_wconf 90' lang='lat' dir='ltr'><strong>riori</strong></span> <span class='ocrx_word' id='word_1_483' title='bbox 1163 5989 1385 6064; x_wconf 77' lang='lat' dir='ltr'><strong>congregatione</strong></span> <span class='ocrx_word' id='word_1_484' title='bbox 1401 5987 1551 6062; x_wconf 84' lang='lat' dir='ltr'><strong>depromit.</strong></span> 
     </span>
    </p>
   </div>
   <div class='ocr_carea' id='block_1_4' title="bbox 0 0 2410 6692">
    <p class='ocr_par' dir='ltr' id='par_1_10' title="bbox 0 0 2410 6692">
     <span class='ocr_line' id='line_1_45' title="bbox 0 0 2410 6692; baseline 0 0"><span class='ocrx_word' id='word_1_485' title='bbox 0 0 2410 6692; x_wconf 95' lang='lat' dir='ltr'><strong> </strong></span> 
     </span>
    </p>
   </div>
  </div>
 </body>
</html>
