4804 6692
475 526 541 598 tvl
1219 522 1535 601 rhutttottttnt

476 680 597 757 rianis
629 681 789 758 electam
821 678 925 756 viam
956 679 1097 787 utique
1128 679 1378 785 pertinebat3
1409 681 1562 788 quippe
1594 678 1769 759 iudicare
1800 692 1989 786 poterant
2020 675 2128 756 hisce
2157 675 2280 779 magis
2384 677 2385 690 '

475 829 594 910 quam
624 802 699 880 illis
726 827 773 880 ex
802 801 1079 908 manuscriptis
1106 800 1404 882 adhaerendum
1432 830 1539 902 esse;
1563 820 1685 910 atque
1710 802 1798 882 aliis
1823 802 1981 881 criticae
2004 791 2277 893 adminiculis,

474 925 776 1032 allegationibus
801 924 985 1004 videlicet
1011 944 1195 1033 patrum,
1226 925 1491 1024 editionibus,
1521 945 1716 1034 textuque
1742 917 1964 1035 originario*
1986 925 2029 1003 in
2058 921 2279 1003 subsidium

474 1051 624 1129 vocatis
652 1079 772 1129 unam
801 1077 896 1157 prae
921 1051 999 1129 alia
1027 1050 1236 1130 lectionem
1265 1050 1451 1159 probare.
1477 1053 1526 1130 Et
1552 1053 1650 1132 licet
1664 1050 1827 1130 difficile
1847 1047 2064 1129 admodum
2084 1046 2207 1126 fuerit
2232 1071 2278 1125 ex

472 1189 533 1251 tot
560 1173 736 1251 virorum
765 1172 1046 1279 opinionibus,
1068 1176 1217 1281 (quum
1239 1173 1397 1256 eaedem
1423 1177 1580 1256 criticae
1599 1177 1702 1283 leges
1722 1197 1805 1255 non
1824 1167 2002 1254 eamdem
2025 1193 2178 1276 semper
2200 1170 2280 1246 vim

473 1323 548 1402 pro
581 1297 747 1400 singulis
780 1297 935 1376 casibus
967 1299 1278 1407 hominibusque
1310 1300 1511 1405 habeant)
1545 1301 1772 1378 unanimem
1807 1297 1982 1377 conflare
2015 1293 2277 1390 sententiam;

473 1420 571 1498 haec
595 1437 726 1498 tamen
750 1418 963 1500 difficultas
985 1421 1051 1501 hic
1076 1439 1116 1501 et
1146 1451 1255 1502 nunc
1280 1451 1419 1529 magna
1443 1449 1492 1502 ex
1519 1440 1630 1531 parte
1654 1420 1928 1529 depellebatur
1948 1419 2004 1498 ob
2028 1416 2282 1525 praehabitas

473 1539 621 1621 codicis
643 1542 846 1637 carafiani,
869 1544 1118 1652 sixtinaeque
1137 1544 1322 1625 editionis
1344 1545 1656 1626 emendationes:
1679 1545 1834 1626 felicius
1858 1569 2030 1650 namque
2053 1542 2094 1619 in
2120 1542 2197 1619 hoc
2215 1566 2281 1645 ge-

472 1693 568 1744 nere
596 1667 793 1772 posterior
820 1666 1055 1747 industriam
1084 1696 1192 1747 suam
1222 1670 1390 1749 collocat
1418 1697 1536 1777 quam
1566 1671 1695 1776 prior,
1720 1665 1884 1775 quando
1905 1668 1980 1744 iam
2004 1664 2165 1744 alterius
2190 1689 2282 1741 exa-

472 1815 561 1868 men
598 1791 830 1896 praccessit;
857 1790 967 1898 quod
1008 1819 1125 1870 nemo
1153 1791 1332 1899 prudens
1362 1793 1515 1872 inficias
1544 1793 1672 1870 iverit.
1705 1793 1845 1871 Canon
1877 1805 2046 1896 quartus
2075 1813 2182 1864 nunc
2210 1811 2280 1864 ex-

471 1909 710 2016 pendendus
740 1929 830 2007 est,
861 1942 944 2020 quo
970 1914 1290 2021 praecipiebatur
1316 1933 1361 1994 ut
1383 1917 1673 2024 punctationes
1704 1911 2054 2023 perpenderentur.
2087 1905 2280 2016 Equidem

473 2035 607 2139 negari
628 2063 711 2116 uon
729 2054 861 2143 potest
887 2038 1090 2116 insolitum
1118 2037 1269 2146 aliquid
1297 2041 1401 2119 circa
1427 2037 1772 2147 interpunctioncs
1793 2037 1962 2115 insuam
1985 2033 2202 2114 editionem
2221 2031 2284 2108 in·

472 2157 608 2238 tulisse
635 2158 786 2238 Sixtum
806 2160 857 2237 V.
883 2159 960 2240 Sed
985 2159 1036 2239 de
1054 2189 1102 2242 eo
1121 2164 1317 2242 rationem
1336 2163 1507 2270 aliquam
1533 2160 1708 2241 reddidit
1731 2163 1771 2240 in
1796 2188 1869 2239 sua
1892 2158 2180 2238 constitutione
2200 2159 2283 2232 Ae-

471 2299 609 2360 ternus
629 2282 700 2360 itte
718 2281 882 2389 quando
906 2282 1028 2364 dixit:
1061 2286 1180 2390 Quae
1198 2289 1390 2391 confuso,
1416 2303 1491 2365 out
1505 2286 1641 2392 facilc
1658 2285 1861 2390 confundi
1885 2309 2003 2392 posse
2020 2280 2275 2372 ridebantur,

470 2434 517 2482 cn
543 2407 753 2485 intervallo
771 2408 993 2515 scripturae
999 2468 1012 2503 ,
1038 2437 1087 2486 uc
1106 2410 1326 2488 maioribus
1345 2410 1472 2504 notis,
1497 2427 1534 2487 et
1554 2411 1880 2518 interpunctione
1900 2405 2183 2485 distinuimus.
2207 2403 2284 2480 Per

469 2529 722 2609 intervallum
746 2533 984 2639 scripturae,
1010 2558 1195 2610 versuum
1219 2531 1452 2612 divisionem
1481 2533 1545 2612 hic
1566 2532 1767 2630 denotari,
1793 2531 1968 2626 dabunt,
1993 2527 2136 2622 credo,
2161 2527 2282 2606 etiam

470 2652 545 2748 illi,
568 2654 718 2760 quibus
746 2653 929 2734 sixtinam
957 2653 1173 2736 editionem
1198 2653 1333 2735 videre
1356 2685 1439 2736 non
1464 2657 1645 2762 contigit.
1674 2656 1824 2736 Verum
1850 2652 2074 2733 immediata
2097 2651 2190 2730 libri
2214 2679 2285 2730 co·

469 2777 597 2884 gnitio
625 2795 762 2885 aperte
795 2805 869 2857 nos
896 2776 1038 2876 docet,
1069 2778 1151 2858 duo
1179 2780 1415 2886 praestitisse
1443 2781 1551 2858 illum
1581 2782 1620 2860 in
1651 2782 1725 2860 hac
1752 2797 1889 2887 parte:
1921 2779 2051 2885 primo
2080 2794 2123 2855 ut
2152 2777 2282 2854 conti·

470 2928 589 2979 nuam
614 2901 795 2982 versiculi
819 2903 985 2983 alicuius
1007 2904 1142 2982 serien:
1167 2922 1290 3011 prout
1308 2920 1392 2984 erat
1411 2905 1452 2983 in
1471 2905 1762 2984 lovaniensium
1782 2902 1977 2997 editione,
1999 2903 2042 2980 in
2062 2897 2193 2978 medio
2213 2898 2283 2978 ab·

470 3043 693 3131 rumperet,
716 3029 932 3133 quominus
957 3027 1076 3108 binae
1099 3030 1315 3109 sententiae
1337 3057 1421 3109 uno
1441 3030 1638 3108 versiculo
1661 3027 1943 3108 clauderentur
1966 3027 2037 3133 (r).
2067 3021 2284 3103 Contrario

468 3175 587 3228 sensu
618 3149 785 3228 alterum
813 3150 964 3246 effecit,
990 3151 1159 3248 scilicet,
1181 3170 1227 3231 ut
1249 3181 1300 3233 ex
1320 3152 1501 3250 duobus,
1523 3153 1585 3232 vel
1608 3153 1738 3232 tribus
1764 3150 2012 3258 quandoque
2037 3177 2163 3260 unum
2185 3175 2285 3227 con·

469 3273 650 3352 stitueret
677 3301 848 3353 versum.
877 3274 1010 3381 Atque
1033 3304 1081 3356 ex
1104 3293 1303 3382 postrema
1328 3275 1401 3355 hac
1422 3277 1578 3355 ratione
1601 3274 1700 3355 illud
1724 3290 1962 3354 consecutus
1990 3289 2066 3367 est,
2089 3289 2134 3351 ut
2161 3272 2284 3376 magis

468 3394 781 3504 distingueretur
807 3424 944 3480 sensus
971 3397 1219 3479 advenientis
1247 3400 1486 3495 sententiae,
1513 3426 1719 3507 pansaque
1746 3399 1871 3478 maior
1897 3414 2017 3496 esset,
2045 3424 2129 3503 quo
2157 3396 2284 3504 proli·

469 3522 560 3601 xior
586 3519 714 3600 fuerat
738 3522 975 3620 versiculus,
996 3525 1068 3632 qui
1089 3541 1366 3632 praecesserat.
1395 3525 1475 3604 lam
1496 3552 1591 3605 vero
1610 3553 1701 3604 cum
1720 3524 2035 3632 experimentum
2056 3522 2284 3600 cuiuscum-

470 3669 550 3750 que
577 3645 742 3725 rationis
768 3646 848 3725 vim
877 3665 1062 3754 superet,
1094 3648 1289 3728 nonnulla
1319 3649 1501 3756 exempla
1530 3650 1594 3728 hic
1624 3649 1767 3728 afferre
1797 3665 1971 3756 oportet.
2007 3647 2053 3726 ln
2085 3644 2282 3725 hodierna

469 3767 706 3848 clementina
725 3768 902 3850 editione
921 3772 1073 3881 integer
1091 3801 1193 3855 vers.
1219 3777 1278 3855 15.
1301 3802 1391 3882 cap.
1412 3774 1480 3851 lV.
1501 3777 1598 3854 Gen.
1622 3773 1752 3854 verbis
1771 3770 1999 3854 huiusmodi
2019 3771 2283 3878 comprehen-

408 3985 411 3992 .
468 3890 603 3970 ditur:
634 3894 836 4002 Dixitque
865 3897 904 3975 ei
935 3899 1172 3978 Dominus:
1207 3902 1476 4007 Nequaquam
1507 3901 1567 3978 ita
1589 3901 1698 4007 fiet:
1726 3897 1797 3977 sed
1824 3898 1961 3977 omnis
1991 3898 2064 4005 qui
2095 3896 2285 3975 occiderit

471 4017 599 4112 Cain,
626 4019 860 4126 septuplum
883 4023 1097 4129 punietur.
1125 4023 1349 4130 Posuitque
1371 4024 1578 4104 Dominus
1606 4025 1921 4131 Cainsignum,
1947 4041 2100 4100 utnon
2130 4021 2285 4126 interfi-

469 4158 568 4220 ceret
594 4169 684 4220 eum
710 4145 845 4223 omnis
871 4145 946 4252 qui
973 4146 1185 4226 inuenisset
1210 4175 1316 4226 eum.
1348 4146 1401 4225 At
1429 4147 1472 4224 in
1496 4147 1641 4227 sixtina
1665 4144 1839 4228 editione
1864 4144 2002 4226 eadem
2030 4144 2151 4223 verba
2179 4140 2285 4222 duos

468 4265 766 4347 constituebant
795 4269 1036 4369 versiculos3
1068 4297 1210 4377 nempe
1238 4270 1281 4347 in
1307 4271 1543 4379 septuplum
1567 4271 1770 4379 punietur
1798 4273 1858 4366 ιίι.
1887 4269 2118 4366 desinebat;
2150 4284 2284 4348 cetera

468 4418 615 4495 porro,
638 4419 742 4500 quae
759 4392 875 4474 aliam
896 4420 1035 4474 revera
1055 4395 1288 4474 sententiam
1313 4398 1540 4489 continent,
1562 4394 1613 4476 ad
1639 4399 1699 4478 15.
1722 4395 1991 4506 pertinebant.
2013 4393 2164 4473 Verum
2189 4395 2285 4470 iam-

469 4514 540 4596 diu
568 4535 726 4627 recepta
746 4546 838 4598 cum
857 4520 977 4600 fuerit
1005 4519 1146 4600 divisio
1164 4521 1231 4600 illa
1254 4520 1566 4616 versiculorum,
1590 4549 1671 4628 qua
1690 4520 1814 4601 Biblia
1843 4519 2130 4601 lovaniensium
2159 4536 2285 4597 utun-

468 4657 554 4735 tur,
580 4669 784 4750 quamque
805 4663 1048 4726 correctores
1071 4647 1208 4726 sixtini
1229 4664 1502 4743 servaverant,
1524 4672 1607 4725 non
1635 4647 1735 4728 male
1761 4644 1813 4726 ad
1835 4645 1939 4725 illam
1961 4671 2141 4725 normam
2166 4671 2285 4723 revo-

469 4782 555 4846 cata
583 4784 678 4846 sunt
703 4766 832 4847 Biblia
857 4763 959 4848 Sixti
980 4769 1033 4848 V.
1059 4799 1082 4850 a
1110 4772 1355 4878 gregorianis
1382 4769 1690 4850 correctoribus.
1718 4770 1823 4848 Hinc
1846 4769 2016 4862 factum,
2038 4785 2083 4846 ut
2105 4764 2286 4846 editione

470 4905 640 4998 utraque
667 4891 782 4970 simul
810 4911 1064 5000 comparata,
1095 4896 1269 5004 capitum
1301 4894 1471 4976 subinde
1505 4923 1688 4975 mensura
1720 4921 1948 4975 excrescere
1975 4891 2184 4987 videatur,
2215 4891 2285 4970 ali-

469 5013 748 5120 quandovero
768 5014 956 5113 delicere,
978 5018 1092 5126 quod
1115 5037 1248 5100 tamen
1277 5021 1434 5115 maiori,
1456 5019 1518 5099 vel
1542 5020 1688 5098 minori
1708 5018 1994 5098 versiculorum
2016 5042 2183 5096 numero
2206 5043 2285 5121 pro

468 5139 575 5217 varia
595 5136 789 5218 divisione
806 5140 1064 5222 tribuendum
1088 5161 1162 5222 est.
1189 5145 1234 5224 ln
1256 5121 1416 5222 Psalmis
1436 5143 1652 5251 praecipue
1675 5169 1720 5222 ea
1744 5144 1912 5222 mutatio
1934 5140 2078 5222 accidit
2102 5168 2174 5248 per
2196 5139 2284 5218 Six-

468 5279 575 5357 tum,
604 5290 708 5370 quae
735 5264 877 5344 nullibi
907 5268 949 5345 in
978 5265 1094 5348 editis
1120 5266 1258 5348 Bibliis
1284 5284 1400 5348 antea
1427 5267 1721 5347 observaretur.
1754 5267 1846 5348 Non
1874 5267 1970 5347 latet
1997 5264 2176 5346 eruditos
2205 5293 2285 5342 ma-

574 5481 612 5544 (t)
631 5474 714 5548 Quod
729 5476 901 5536 hoclocoet
916 5479 1144 5553 insequentibus
1159 5480 1341 5540 auctordicit
1413 5483 1484 5538 Nam
1503 5481 1608 5554 priores
1626 5481 1691 5540 illac
1709 5481 1818 5539 nullam
1838 5495 1903 5552 prae
1921 5495 1952 5538 ee
1970 5479 2065 5537 ferunt
2080 5478 2283 5535 versiculorum

470 5563 505 5622 de
523 5563 624 5621 Bibliis
641 5562 864 5636 lovaniensibus,
882 5582 939 5624 non
958 5575 1001 5625 est
1020 5567 1143 5641 profecto
1160 5567 1338 5628 referendum
1411 5569 1637 5640 distinctionem,
1652 5586 1738 5645 quam
1755 5571 1786 5627 in
1803 5570 1906 5628 nostris
1923 5569 2025 5627 Bibliis
2042 5567 2148 5639 primus
2166 5565 2287 5624 adnota-

468 5650 504 5708 ad
525 5651 678 5725 principem
697 5649 850 5710 editionem
870 5654 1075 5726 lovaniensem,
1091 5655 1127 5715 de
1141 5672 1196 5730 qua
1214 5657 1244 5716 in
1259 5673 1341 5732 supe·
1413 5658 1451 5716 rit
1471 5659 1612 5718 hubertus
1635 5659 1795 5732 Stephanus
1817 5673 1892 5716 anno
1914 5657 2052 5724 thLV.;
2077 5655 2163 5713 huius
2188 5663 2284 5713 autem

469 5740 534 5796 riori
551 5739 727 5815 paragrapho
743 5741 825 5798 verba
841 5740 914 5800 lacta
929 5752 1012 5814 sunt,
1027 5745 1166 5819 nequead
1182 5745 1252 5804 alias
1269 5762 1341 5820 quae
1412 5749 1569 5823 exemplum
1597 5761 1660 5805 mox
1685 5747 1770 5804 ceteri
1796 5745 1917 5806 editores
1946 5753 2152 5819 peropportune
2180 5743 2284 5800 imitati

468 5827 545 5886 illam
570 5830 693 5904 proxime
716 5837 851 5903 sequutae
874 5839 956 5902 sunt:
974 5831 1023 5890 sed
1045 5831 1080 5890 ad
1099 5834 1221 5908 reliquas
1239 5831 1339 5892 editio·
1409 5844 1485 5894 sunt.
1506 5836 1694 5895 Confcnntur
1711 5849 1783 5909 quae
1800 5835 1996 5896 adnotavimus
2014 5831 2050 5892 ad
2068 5831 2154 5891 Exodi
2168 5832 2222 5903 Vl,
2236 5837 2281 5889 tt.

465 5931 520 5976 nes
534 5917 734 5989 tentamenta,
746 5935 820 5994 quae
833 5929 896 5994 post
909 5937 1017 5981 annum
1029 5923 1148 5983 ttutx.
1164 5923 1336 5998 prodierunt.
1410 5933 1439 5983 et
1456 5927 1523 5984 Lar.
1543 5925 1597 5993 vt,
1616 5931 1643 5982 4.
