4750 6694
742 521 986 600 terrarius
1011 521 1199 600 suttcus
1703 518 1875 595 LXXXVII

88 681 135 760 ris
158 677 270 760 Italae
296 675 534 784 fragmenta,
555 701 660 782 quae
685 676 729 754 in
755 675 833 756 hoc
860 675 1171 784 praeclarissimo
1197 673 1336 756 codice
1363 675 1499 756 abdite
1519 675 1664 772 latent,
1689 701 1875 784 quaeque

87 803 131 884 ad
151 801 289 882 calcem
314 800 481 882 Genesis
499 816 540 880 et
557 798 686 880 Exodi
706 825 728 878 a
752 798 870 878 nobis
896 799 1172 906 proferuntur.
1199 799 1316 880 Plura
1339 797 1390 880 de
1411 797 1561 880 eisdem
1587 799 1877 908 disputavimus

88 945 159 1006 tum
185 923 351 1020 ibidem,
373 941 457 1004 tum
475 925 517 1004 in
537 922 815 1004 dissertatione.
829 950 952 1030 quam
970 949 1101 1028 nuper
1119 923 1389 1029 evulgavimus
1415 924 1518 1003 inter
1542 924 1748 1004 Analecta
1774 923 1876 1002 iuris

84 1047 275 1156 ponthieu
292 1073 383 1154 pag.
411 1048 524 1154 1695.
547 1063 587 1126 et
610 1073 723 1153 seqq.
752 1044 814 1124 Ad
834 1041 963 1126 Exodi
989 1045 1134 1126 calcem
1152 1045 1290 1152 prodit
1309 1075 1456 1128 nomen
1479 1048 1693 1128 Dominici
1714 1047 1889 1155 presby·-

86 1174 150 1252 teri
170 1172 387 1280 scriptoris.
414 1169 568 1252 Textns
590 1185 649 1250 est
676 1168 880 1278 antiquior
906 1168 1129 1250 alcuiniana
1151 1171 1403 1266 recensione,
1424 1188 1465 1250 et
1483 1172 1664 1280 quamvis
1686 1168 1877 1251 mendose

86 1297 264 1402 scriptus,
291 1295 461 1404 optimas
486 1311 620 1374 tamen
647 1292 838 1376 lectiones
863 1291 1059 1400 praefert;
1085 1291 1137 1372 cf.
1159 1292 1211 1374 ad
1240 1295 1358 1374 Dent.
1379 1295 1535 1393 XXIX,
1560 1296 1627 1377 23.
1647 1295 1877 1403 Scripturas

86 1420 271 1527 specimen
296 1421 338 1498 in
366 1416 519 1498 adiecta
546 1417 683 1498 tabula
707 1444 797 1498 acre
823 1416 947 1496 incisa
971 1415 1220 1497 exhibemus.

178 1545 216 1620 6.
243 1541 345 1624 Cod.
370 1541 417 1620 F.
444 1539 571 1622 Biblia
598 1541 784 1622 universa
810 1540 1086 1648 complectitur
1113 1541 1156 1621 iu
1179 1541 1249 1620 fol.
1276 1570 1380 1622 max.
1407 1543 1600 1640 memhr.,
1624 1542 1799 1650 pertinet
1825 1539 1888 1622 ad

86 1666 248 1748 seculum
271 1667 352 1760 X.,
372 1665 586 1774 multisque
611 1665 778 1772 picturis
802 1693 877 1772 pro
905 1666 971 1744 illa
999 1681 1125 1746 aetate
1149 1681 1208 1744 sat
1232 1664 1351 1747 bonis
1376 1663 1600 1746 decoratur.
1629 1665 1878 1746 Characteris

84 1791 268 1899 specimen
297 1791 340 1870 in
367 1790 504 1870 tabula
531 1816 620 1869 aere
649 1790 771 1870 ineisa
797 1789 924 1870 oculis
951 1788 1143 1868 lectorum
1170 1786 1417 1868 subiicimus.
1444 1786 1552 1866 Olim
1578 1785 1738 1866 duobus
1764 1785 1879 1866 volu·

85 1913 245 1994 minibus
272 1912 502 2009 constabat,
529 1941 700 2020 quorum
721 1912 877 2017 singula
898 1911 1101 1992 habebant
1127 1911 1221 1992 folia
1249 1913 1360 2007 188.;
1385 1927 1426 1990 at
1451 1937 1561 1990 nunc
1589 1910 1630 1988 in
1658 1937 1784 1988 unum
1807 1939 1878 1992 vo-

85 2039 203 2117 lumen
226 2038 388 2118 maximi
413 2036 565 2118 moduli
587 2054 816 2145 compactus
839 2053 898 2116 est
921 2035 1068 2132 codex,
1089 2055 1211 2144 atque
1235 2061 1305 2116 sex
1329 2033 1424 2114 folia
1447 2031 1743 2131 desiderantum
1768 2033 1879 2115 unde

85 2159 204 2240 delicit
231 2162 338 2241 Gen.
363 2160 520 2256 XXVI,
552 2161 807 2256 13-XXXI,
833 2162 901 2256 34.
925 2166 999 2242 Isa.
1028 2161 1068 2260 Ι,
1098 2162 1227 2258 1-Il,
1258 2189 1319 2242 ra.
1346 2159 1495 2253 LXVI,
1527 2159 1699 2238 5.-Ier.
1726 2159 1782 2252 Il,
1813 2187 1875 2266 ¹9·

85 2282 189 2362 Zach.
211 2283 285 2378 IV,
307 2283 497 2391 9-XIV,
519 2310 584 2366 ar.
614 2284 690 2362 Hic
712 2283 840 2364 codex
863 2285 1001 2364 saltem
1027 2284 1079 2365 ab
1101 2285 1267 2364 ineunte
1291 2283 1427 2364 seculo
1447 2281 1554 2362 XVI.
1576 2281 1810 2362 servabatur
1835 2285 1877 2364 in

84 2408 239 2486 sacmrio
266 2433 454 2488 romanae
480 2405 670 2488 Basilicae
697 2436 731 2486 s.
762 2407 908 2489 Mariae
935 2408 986 2488 ad
1013 2427 1230 2515 martyres,
1262 2409 1333 2489 ubi
1360 2408 1473 2488 illum
1500 2407 1671 2487 contulit
1696 2405 1876 2487 Sirletus.

86 2531 207 2610 Paullo
230 2531 442 2639 antiquior
459 2529 619 2612 videtur
637 2532 865 2639 inscriptio,
888 2559 993 2640 quae
1012 2533 1062 2613 ad
1081 2533 1173 2614 libri
1197 2533 1344 2613 calcem
1362 2531 1507 2638 legitur
1530 2534 1644 2610 Haec
1666 2548 1722 2610 est
1739 2531 1881 2610 Biblia

85 2653 227 2732 ecclesie
254 2655 366 2734 beate
381 2655 517 2735 Murie
542 2655 711 2734 rotunde
738 2655 787 2734 de
818 2655 932 2736 Urbe.
960 2655 1005 2737 B.
1027 2656 1264 2736 Thomasius
1282 2655 1465 2761 (latitans
1487 2653 1563 2733 sub
1586 2655 1748 2734 nomine
1773 2657 1881 2735 Iose-

82 2775 150 2882 plri
175 2779 299 2884 Cari)
322 2779 365 2858 in
392 2778 559 2885 praelat.
582 2775 632 2858 ad
656 2780 898 2887 psalterium
925 2781 1045 2860 iuxta
1066 2779 1271 2887 duplicem
1296 2779 1514 2858 editionem
1539 2780 1712 2885 (Romae
1736 2780 1878 2882 1683.)

85 2917 236 2980 testatur
253 2929 298 2982 se
317 2930 367 2982 ex
384 2904 462 2982 hoc
480 2901 618 2982 codice
640 2904 788 2984 eruisse
807 2903 968 2984 Eusebii
987 2903 1194 3011 Pamphyli
1214 2901 1450 3011 hypotheses
1472 2903 1517 2981 iu
1535 2903 1753 3011 psalterio,
1778 2930 1880 3011 quas

85 3021 216 3104 ibidem
238 3024 381 3106 edidit.
408 3025 527 3106 Card.
549 3027 724 3106 Aloisius
748 3027 1099 3108 Lambruschinius
1124 3027 1234 3106 hunc
1253 3023 1429 3106 codicem
1452 3027 1582 3132 pretio
1605 3043 1880 3132 comparatum

86 3147 121 3224 in
144 3150 265 3230 nostri
289 3149 455 3256 Collegii
479 3149 759 3231 bibliothecam
784 3151 923 3231 inferri
945 3167 1183 3232 testamento
1205 3149 1336 3248 iussit;
1363 3150 1500 3257 ibique
1522 3148 1759 3230 custoditur.
1788 3152 1881 3231 Eius

86 3287 213 3370 textus,
230 3275 350 3353 cuius
368 3301 506 3354 omnes
523 3276 731 3355 varietates
749 3273 904 3371 damus,
922 3303 1051 3385 prope
1069 3273 1222 3356 accedit
1241 3271 1292 3354 ad
1310 3272 1575 3357 aletrinianam
1593 3274 1877 3370 recensionem,

85 3420 190 3500 quam
217 3414 354 3478 tamen
385 3397 498 3478 haud
520 3427 613 3478 raro
641 3397 811 3498 deserit,
840 3401 1097 3508 optimaeque
1124 3415 1243 3478 notae
1275 3397 1463 3478 lectiones
1490 3397 1677 3495 exhibet3
1709 3425 1880 3505 quarum

87 3521 291 3602 nonnullae
320 3549 371 3602 cx
398 3521 660 3603 alexandrino
688 3523 903 3630 interprete
929 3523 1091 3603 fluxisse
1113 3522 1314 3603 videntur.
1342 3518 1752 3601 Animadvertendum
1778 3550 1882 3629 quo·

87 3661 236 3746 quaest
263 3673 351 3724 non
378 3672 526 3754 paucas
553 3648 596 3726 in
626 3649 703 3727 hoc
730 3646 867 3728 codice
893 3647 1113 3754 singulares
1138 3646 1329 3726 lectiones
1352 3671 1583 3740 occurrere,
1606 3671 1710 3751 quae
1731 3647 1882 3753 praesi-

87 3761 181 3844 dium
210 3768 363 3850 habent
390 3770 472 3850 fere
495 3772 658 3850 unicum
681 3771 725 3849 in
745 3800 778 3850 s.
801 3772 908 3851 Petri
928 3771 1110 3850 Damiaui
1131 3770 1322 3878 operibus
1349 3768 1427 3876 (cf.
1451 3767 1577 3848 Exud.
1599 3769 1787 3868 XXXIV,
1811 3773 1877 3854 28.

87 3886 196 3970 levit.
217 3893 290 3990 IV,
315 3921 356 3973 a.
377 3893 532 3991 XVIII,
558 3923 619 4001 ¹7·
647 3895 766 3974 Num.
788 3895 951 3993 111‚r,5.
973 3893 1129 3990 XXXI,
1156 3919 1217 4000 17.
1238 3893 1430 3989 XXXIII,
1458 3895 1568 3997 12.);
1594 3921 1750 4002 exque
1775 3915 1882 3976 recte

86 4015 214 4095 coniici
236 4044 358 4124 posse
378 4019 645 4100 existimamus
664 4037 844 4099 nostrum
862 4018 1039 4100 codicem
1061 4017 1114 4098 ad
1131 4047 1216 4098 eam
1243 4017 1426 4098 codicum
1449 4015 1634 4096 familiam
1657 4019 1878 4124 pertinere,

86 4160 192 4238 quam
222 4141 442 4221 Damiauus
467 4143 707 4250 usurpabat,
732 4171 935 4250 quamque
961 4134 1176 4222 rumenam
1203 4169 1285 4221 nou
1314 4141 1535 4248 incongrue
1562 4141 1763 4248 appellare
1789 4171 1883 4252 pos-

86 4280 219 4338 sumus.
245 4262 481 4343 Psalterium
505 4266 547 4343 in
571 4282 709 4346 nostro
731 4265 869 4345 codice
895 4264 1067 4345 habetur
1086 4267 1197 4344 iuxta
1215 4266 1488 4346 recensionem
1505 4293 1588 4373 qua
1606 4266 1785 4346 vaticana
1809 4267 1881 4347 Ba-

85 4379 178 4462 silica
204 4387 358 4480 utitur,
380 4415 582 4496 quamque
609 4388 651 4469 b.
673 4390 911 4470 Thomasius
937 4388 1065 4470 edidit
1092 4407 1214 4498 atque
1241 4389 1468 4470 illustravit.

177 4534 215 4611 7.
243 4507 351 4590 Cod.
374 4511 428 4590 G.
453 4509 673 4592 Bibliorum
700 4511 827 4593 codex
851 4513 1071 4594 membran.
1094 4513 1136 4592 in
1159 4514 1200 4607 a.
1222 4513 1344 4593 seculi
1365 4512 1475 4591 XIII.
1496 4529 1567 4591 aut
1588 4513 1811 4620 sequentis;
1833 4541 1882 4594 ex

85 4627 231 4737 Collegii
259 4635 393 4714 nostri
421 4635 678 4718 bibliotheca.
710 4639 932 4718 Accusatus
960 4653 1000 4718 et
1025 4636 1157 4718 bonae
1181 4653 1301 4716 notae
1328 4653 1388 4716 est
1414 4653 1572 4729 textus,
1604 4638 1675 4743 qui
1701 4637 1774 4716 etsi
1800 4635 1884 4718 fere

84 4775 325 4838 communem
343 4777 535 4866 sequatur
552 4760 840 4856 recensionem,
862 4787 1086 4868 parumque
1104 4759 1156 4838 ab
1175 4759 1419 4841 editionibus
1439 4759 1562 4839 seculi
1580 4757 1670 4839 XV.
1698 4759 1879 4856 recedat,

84 4885 199 4957 tamen
225 4879 340 4962 haud
367 4881 629 4989 poenitendus
655 4885 845 4966 lectiones
873 4885 992 4964 nobis
1019 4883 1304 4992 suppeditavit.

175 5005 213 5084 8.
236 5003 348 5089 cod.
366 5007 420 5086 H.
443 5023 504 5086 est
519 5005 740 5088 Bibliorum
764 5009 1068 5116 hieronymiana
1085 5008 1364 5115 interpretatio
1382 5034 1433 5086 ex
1455 5007 1573 5087 variis
1593 5005 1801 5087 codicibus
1820 5034 1884 5086 ex·

84 5145 203 5234 cerpta
229 5129 425 5238 editaque
443 5159 465 5210 a
483 5131 724 5212 Martianaeo
743 5147 783 5213 et
802 5134 1013 5240 I’ougetio,
1034 5133 1078 5211 in
1100 5147 1210 5211 tomo
1228 5132 1359 5238 primo
1382 5157 1548 5239 operum
1571 5157 1603 5209 s.
1626 5131 1880 5236 Hieronymi,

86 5245 227 5332 Parisiis
253 5279 367 5334 anno
396 5255 535 5362 1693„
561 5282 804 5363 rursumque
825 5284 848 5336 a
869 5255 1065 5336 Vallarsio
1085 5256 1127 5335 iu
1149 5271 1261 5336 tomo
1288 5283 1399 5334 nono
1422 5255 1610 5334 editionis
1636 5255 1881 5336 veronensis.

86 5369 134 5450 lle
155 5393 329 5485 utraque
348 5375 525 5458 editione
546 5403 674 5485 pauca
696 5381 994 5487 praemonenda
1015 5397 1124 5460 sunt.
1150 5379 1322 5460 Maurini
1345 5379 1537 5476 editores,
1560 5407 1607 5458 ex
1632 5378 1885 5459 bibliothecis

85 5502 301 5599 praesertim
326 5529 360 5582 s.
380 5503 565 5582 Germani
588 5531 610 5582 a
634 5503 758 5610 pratis
778 5521 818 5583 et
840 5506 948 5611 regia
972 5505 1196 5612 parisiensi,
1217 5504 1391 5610 optimae
1413 5521 1532 5583 notae
1554 5501 1711 5582 codices
1734 5504 1884 5582 habue-

85 5641 169 5703 runt
191 5627 264 5730 (ex
295 5623 442 5706 eisdem
466 5642 598 5707 autem
628 5625 835 5706 codicibus
857 5627 1071 5708 nonnullas
1092 5627 1282 5708 lectiones
1307 5626 1539 5735 iampridem
1560 5627 1781 5733 protulerat
1804 5623 1884 5703 no-

86 5739 206 5856 bertus
221 5749 498 5858 Stephanus),
520 5751 670 5860 quibus
689 5749 852 5831 demum
869 5754 1032 5831 accessit
1049 5751 1213 5857 insignis
1231 5748 1357 5831 codex
1376 5751 1646 5830 memmianus.
1670 5749 1754 5826 Hos
1773 5747 1885 5828 alios·

87 5895 154 5973 que
174 5901 328 5981 paucos
345 5875 421 5982 ipsi
440 5873 612 5957 editores
631 5878 673 5956 in
698 5876 758 5956 sui
778 5875 989 5955 voluminis
1012 5875 1177 5955 exordio
1201 5872 1514 5982 descripserunt;
1537 5873 1645 5954 unde
1664 5872 1884 5980 colligimus
