4750 6694
468 481 592 554 txxvl
1208 483 1524 562 PROLEGOMENA

469 649 553 728 tae,
579 659 663 711 non
691 659 827 711 omnes
854 633 1015 740 quidem
1043 631 1113 712 scd
1140 636 1414 716 tantummodo
1441 664 1527 734 eas,
1548 665 1651 745 quae
1679 640 1776 720 locis
1803 639 2075 722 examinandis
2100 665 2266 749 respon·

468 754 578 834 dent.
605 760 845 834 Postremum
868 755 1026 837 tandem
1048 757 1180 837 locum
1200 757 1439 849 ¹clementina
1461 758 1583 840 editio
1604 761 1700 840 anni
1721 761 1922 842 MDXClI.
1943 761 2141 842 obtinebit
2167 777 2265 841 tam·

469 906 587 985 quam
612 878 889 984 praestiturum
913 879 1235 959 emendationum
1256 879 1366 960 testis
1390 877 1657 978 fidelissimus,
1680 900 1719 962 et
1741 912 1764 962 a
1789 885 1902 964 cuins
1924 885 2159 965 auctoritate
2182 911 2266 964 non

468 1002 635 1109 amplius
661 1002 778 1081 licent
800 1003 859 1081 vel
882 1001 1006 1081 latum
1032 1029 1206 1109 unguem
1228 1000 1450 1084 deflectere.
1475 1003 1522 1083 In
1545 1006 1622 1084 ima
1648 1005 1823 1114 denique
1845 1008 1990 1115 pagina
2011 1009 2158 1115 cuique
2183 1008 2265 1088 fere

469 1153 517 1205 ex
546 1124 670 1208 allatis
690 1125 930 1206 lectionibus
958 1125 1096 1206 breves
1122 1142 1346 1207 attexantur
1373 1127 1618 1222 notationes,
1643 1155 1814 1234 quarum
1841 1130 1939 1210 haec
1966 1130 2008 1210 iu
2035 1130 2266 1212 universum

469 1249 569 1328 ratio
594 1249 686 1328 erit:
712 1249 845 1328 Primo
864 1265 910 1326 ut
932 1275 1015 1327 uno
1035 1249 1245 1330 oculorum
1266 1247 1413 1329 obtutu
1434 1265 1689 1331 monumenta
1711 1251 2028 1362 conspiciantur,
2050 1277 2154 1357 quae
2178 1253 2269 1332 usui

467 1370 631 1450 fuerunt
651 1372 812 1476 utrique
835 1369 1157 1476 Congregationi.
1179 1368 1364 1450 Secundo
1385 1371 1570 1467 lectores,
1592 1397 1684 1450 cnm
1707 1369 1750 1452 id
1769 1397 1872 1479 opus
1893 1399 1977 1452 esse
2000 1372 2264 1468 iudicabitur,

469 1493 520 1574 de
546 1495 839 1587 convenientia,
866 1510 934 1571 aut
959 1493 1225 1600 discrepantia
1251 1493 1547 1578 emendatorum
1570 1495 1787 1582 lectionum
1809 1524 1900 1576 cum
1927 1495 2105 1578 lontibus
2132 1523 2267 1576 mone-

468 1617 640 1713 buntur,
662 1645 745 1724 quo
768 1616 919 1696 facilius
939 1615 1130 1696 iudicium
1152 1618 1257 1696 eirca
1277 1616 1433 1698 easdem
1452 1635 1701 1713 exerceatur,
1715 1635 1842 1725 ,atque
1864 1619 2106 1725 intelligatur
2131 1637 2268 1700 utrum

469 1741 685 1818 necessitas
696 1740 746 1816 sit
764 1738 815 1818 ab
835 1739 911 1816 illis
930 1735 1173 1816 discedendi.
1198 1736 1335 1826 Tertio
1359 1736 1533 1846 denique
1555 1741 1728 1822 ineditae
1752 1741 1885 1822 adhuc
1901 1744 2186 1826 annotationes
2200 1771 2268 1826 ex·

469 1861 742 1956 hibebuntur,
771 1863 832 1940 vel
862 1858 1088 1942 earumdem
1114 1861 1416 1940 consecutiones
1442 1861 1602 1956 saltem,
1631 1880 1716 1941 tum
1744 1892 1767 1944 a
1794 1865 1948 1944 sixtinis
1976 1866 2269 1948 correctoribus

468 1987 544 2068 sub
572 1986 696 2066 oculis
715 1984 834 2067 Card.
856 1984 1019 2067 Carafac
1045 2000 1247 2079 exaratae,
1270 2002 1391 2088 prout
1417 1983 1461 2062 in
1486 1986 1643 2092 saepius
1670 2003 1884 2078 memorato
1907 1985 2046 2066 codice
2071 1971 2268 2068 mrafiano

469 2109 691 2205 habentur;
712 2124 796 2184 turn
820 2104 977 2186 illorum
1006 2107 1202 2202 virorum,
1223 2107 1296 2210 qui
1318 2134 1428 2186 suam
1455 2106 1715 2212 sequentibus
1740 2109 2053 2190 correctionibus
2072 2128 2270 2198 natarunt

469 2259 649 2340 operam,
672 2232 884 2338 praecipue
907 2257 1001 2309 vero
1026 2230 1149 2336 patris
1172 2229 1369 2310 Francisci
1393 2229 1522 2321 Toleti
1547 2231 1784 2312 consultoris
1811 2230 2067 2336 gregorianae
2093 2231 2269 2338 Congre-

470 2357 637 2462 gationis
663 2373 798 2448 antea,
824 2372 864 2435 et
891 2353 1123 2434 correctoris
1147 2352 1292 2434 deinde
1312 2352 1557 2449 clementini,
1583 2369 1791 2460 excerptae
1813 2353 1865 2434 ab
1887 2351 2063 2434 eiusdem
2085 2370 2269 2460 autogra-

469 2481 553 2584 pho
578 2480 620 2558 in
642 2479 885 2559 bibliotheca
909 2479 1088 2557 vaticana
1116 2491 1326 2556 asservato.

575 3103 776 3184 Hactenus
800 3107 1081 3212 prolegomena
1106 3107 1157 3188 ab
1181 3106 1408 3214 Ungarellro
1434 3122 1592 3186 exarata
1617 3104 1670 3185 ad
1692 3103 1886 3210 Vulgatae
1908 3105 2096 3186 editionis
2118 3104 2272 3188 Biblio-

468 3255 558 3306 rum
586 3228 854 3324 collationem,
880 3256 1001 3335 quam
1027 3230 1114 3334 ipse
1139 3230 1380 3323 instituerat,
1406 3230 1478 3336 qui
1503 3245 1705 3336 praetcrea
1732 3227 1798 3306 vix
1824 3227 1981 3308 notulas
2007 3228 2053 3306 in
2074 3228 2266 3308 Genesim

469 3339 713 3457 expleverat,
733 3350 920 3459 quando,
941 3370 989 3432 ut
1009 3351 1182 3432 diximus
1203 3359 1327 3461 (pag.
1349 3356 1423 3432 XI
1425 3410 1435 3429 .
1456 3367 1493 3432 ct
1510 3353 1620 3434 XII.
1626 3358 1676 3450 ),
1700 3351 1807 3430 bisce
1829 3349 1969 3430 studiis
1990 3351 2194 3460 abruptis,
2219 3352 2274 3434 ad

470 3474 545 3552 alia
571 3500 614 3553 se
640 3475 823 3554 contulit.
852 3477 940 3554 Hoc
967 3494 1098 3557 autem
1125 3477 1215 3557 loco
1241 3487 1385 3582 operae
1411 3475 1584 3582 pretium
1610 3501 1686 3556 nos
1712 3473 1885 3554 facturos
1904 3492 2109 3582 putamus,
2129 3477 2162 3556 si
2184 3503 2273 3582 spe-

472 3596 624 3677 ciminis
650 3601 775 3704 gratia
803 3598 885 3678 duo
912 3600 1047 3707 priora
1073 3601 1242 3682 Genesis
1273 3600 1447 3708 capitula
1480 3615 1604 3707 prout
1629 3600 1672 3678 in
1699 3597 1875 3680 eiusdem
1902 3600 2174 3707 manuscripto
2202 3629 2274 3681 ex·

473 3738 578 3802 stant
595 3723 874 3804 subnectamus
893 3726 971 3830 (1);
993 3725 1047 3804 ita
1065 3725 1171 3805 enim
1189 3725 1361 3832 quisque
1378 3723 1573 3834 intelliget
1588 3738 1786 3829 quantum
1803 3721 1855 3801 ab
1873 3721 2035 3828 incepto
2054 3720 2274 3830 Ungarellii

471 3873 592 3954 opere
614 3848 783 3926 instituti
802 3850 928 3927 nostri
946 3849 1047 3928 ratio
1070 3847 1382 3943 discriminetur‚
1402 3863 1679 3954 quantumque
1701 3845 1833 3925 eximii
1857 3849 2124 3952 praeceptoris
2145 3848 2276 3926 nostri

470 3968 610 4050 studiis
637 3970 784 4050 referre
812 3969 1039 4051 debeamus.
1067 3972 1228 4052 Interim
1249 3970 1379 4078 palam
1401 3970 1643 4077 publiceque
1665 3968 1899 4076 profitemur
1925 3997 2145 4078 numquam
2166 3968 2276 4050 istud

469 4119 562 4172 vere
587 4093 830 4174 laboriosum
857 4092 1109 4201 arduumque
1135 4122 1239 4203 opus
1265 4121 1341 4174 nos
1367 4119 1618 4202 aggressuros
1644 4092 1785 4186 fuisse,
1816 4093 1893 4172 nisi
1920 4091 2097 4173 eiusdem
2128 4093 2277 4174 funda-

470 4234 602 4296 menta
619 4215 685 4297 ille
702 4219 901 4325 sapienter
918 4220 1135 4324 posuisset,
1156 4236 1276 4326 atque
1294 4218 1398 4296 viam
1416 4217 1533 4322 nobis
1551 4215 1848 4324 quodammodo
1868 4217 2129 4322 explanasset.
2150 4215 2277 4316 Quod

469 4341 500 4418 si
524 4343 657 4447 operis
678 4338 823 4422 edendi
846 4343 1117 4422 oeconomiam
1139 4341 1191 4422 ab
1214 4341 1284 4421 illo
1305 4340 1527 4420 institutam
1549 4340 1815 4436 deseruimus,
1837 4368 1922 4419 non
1941 4341 2026 4420 sine
2044 4341 2276 4422 rationabili

468 4489 605 4543 caussa
633 4462 675 4542 id
701 4491 775 4542 nos
800 4464 956 4564 fecisse,
977 4464 1165 4573 quilibet,
1187 4482 1233 4545 ut
1257 4491 1482 4573 speramus,
1504 4464 1580 4544 sibi
1606 4464 1720 4544 facile
1745 4463 1942 4545 suadebit.
1969 4470 2015 4543 ln
2039 4464 2277 4544 immensum

469 4589 574 4666 enim
602 4589 735 4694 operis
761 4590 884 4669 moles
907 4590 1142 4670 excrevisset
1161 4591 1192 4670 si
1215 4606 1392 4696 quatuor
1414 4589 1690 4670 columnarum
1712 4587 2006 4668 distinctionem
2028 4615 2184 4668 servare
2205 4617 2277 4668 vo·

471 4709 699 4810 luissemus;
725 4737 859 4818 neque
888 4730 1093 4819 praeterea
1122 4712 1355 4794 innumerae
1379 4713 1642 4810 accessiones,
1668 4711 1815 4818 quibus
1839 4710 2062 4791 collationis
2088 4709 2188 4792 fines
2215 4710 2278 4792 di-

472 4833 678 4914 latavimus
704 4834 746 4914 id
772 4836 1041 4942 patiebantur.
1069 4837 1339 4936 Quamobrem
1366 4835 1479 4916 aliam
1507 4835 1701 4914 rationem
1727 4834 1923 4941 aliamque
1949 4834 2076 4930 viam,
2107 4859 2278 4943 eamque

472 4956 782 5038 commodiorem
802 4957 1168 5068 expeditioremque
1187 4963 1389 5056 ineuntes,
1411 4987 1498 5039 eam
1520 4957 1772 5052 methodum,
1793 4985 1914 5067 quam
1932 4959 1974 5040 in
1991 4959 2168 5040 hebraici
2190 4975 2279 5042 tex-

472 5099 537 5160 tus
562 5084 680 5163 variis
701 5082 940 5165 lectionibus
961 5083 1188 5190 digerendis
1211 5101 1406 5193 sequutus
1429 5101 1486 5164 est
1508 5085 1559 5164 cl.
1581 5083 1792 5184 De-Rossi,
1813 5083 1953 5162 imitati
1979 5110 2141 5182 sumus3
2160 5082 2279 5191 qnod

474 5203 636 5311 quidem
663 5208 880 5289 lectoribus
908 5208 1124 5316 probatum
1150 5209 1199 5288 iri
1226 5236 1311 5289 non
1338 5207 1584 5289 dubitamus.
1613 5203 1654 5286 Si
1680 5223 1813 5289 tamen
1843 5204 1994 5314 aliquid
2022 5195 2127 5288 circa
2154 5207 2278 5289 buius

472 5329 607 5435 operis
632 5331 903 5411 oeconomiam
926 5331 968 5411 in
992 5331 1131 5413 melius
1157 5332 1355 5412 immutari
1378 5327 1511 5410 adhuc
1531 5356 1647 5437 posse
1669 5330 1837 5411 cruditis
1859 5331 1955 5411 viris
1975 5327 2194 5428 videbitur,
2217 5330 2278 5411 id-

473 5477 553 5557 que
580 5451 697 5532 nobis
724 5483 933 5562 suggerere
959 5455 1113 5552 volent,
1134 5457 1177 5534 in
1204 5454 1465 5563 sequentibus
1491 5455 1760 5536 voluminibus
1787 5453 1945 5535 illorum
1973 5455 2137 5536 consilia
2163 5472 2278 5562 grato

472 5576 709 5685 labentique
736 5581 869 5658 animo
899 5605 1177 5686 exsequemur.

578 5779 617 5844 (ι)
634 5773 695 5833 Hoc
706 5775 800 5848 ipsum
814 5773 1003 5847 ungarelliani
1017 5775 1111 5848 operis
1126 5776 1268 5849 specimen
1281 5775 1338 5835 cdi·
1408 5791 1443 5833 ae
1462 5775 1615 5850 relictoue,
1632 5775 1691 5834 ool.
1710 5780 1739 5832 2.
1757 5777 1832 5834 acme
1848 5781 1877 5834 a.
1894 5790 1968 5850 pop.
1988 5779 2071 5846 atta
2090 5773 2141 5836 nbi
2161 5776 2279 5850 insuper

474 5861 604 5924 deumne
619 5879 694 5922 anno
707 5869 786 5924 1846.
799 5862 829 5922 in
844 5863 1023 5924 collectaneis
1033 5863 1145 5924 Annuit
1159 5863 1236 5925 delle
1248 5867 1337 5924 aclea
1408 5865 1464 5925 alia
1481 5879 1570 5940 pauca
1588 5879 1621 5924 ex
1639 5863 1738 5926 mem
1758 5863 1939 5938 anulinus.
