4746 6676
477 495 544 570 132
1130 491 1305 570 oeuusts
1331 492 1423 569 cto.
1448 493 1592 568 xxxvl.

524 647 581 715 62.
592 642 882 718 leobsor-Cod.
898 644 924 715 B
944 641 1101 728 IIobsor,¹
1117 641 1204 716 Bibl.
1217 640 1319 731 ora,
1398 659 1490 718 sunt.
1506 642 1558 716 Gi.
1571 643 1751 742 Gregorius
1766 659 1877 748 turon.
1889 645 2002 736 txxt,
2018 649 2118 734 lbb,
2134 646 2258 722 Gaesa-

471 756 624 854 Lugdnn.
652 760 761 831 tutu.
785 759 921 858 aliaque
944 758 1102 856 Mopsus-5
1125 757 1322 832 mendosius
1400 758 1470 832 rius
1485 759 1540 852 (in
1555 757 1641 856 Opp.
1657 781 1687 831 ε.
1698 757 1877 856 Augustini
1890 773 1915 832 t.
1929 758 1965 834 V.
1977 762 2061 860 App.
2078 762 2141 834 ool.
2153 764 2254 854 ὄλ),

471 899 537 946 non
559 899 688 971 paucae
708 873 797 948 aliae
816 873 895 946 edd.
913 873 1064 972 IIospor.
1400 870 1621 968 angelomus,
1634 870 1827 959 Gnibertus,
1843 871 1919 960 all.;
1935 899 1976 946 ex
1993 874 2050 948 bis
2065 873 2258 949 Eucherius

519 989 579 1063 ld.
599 986 749 1085 diopdiel
762 1031 810 1044 -
824 987 931 1060 Codd.
948 987 992 1075 A,
1007 986 1049 1074 C,
1068 987 1106 1073 F,
1122 988 1162 1072 S,
1178 987 1220 1075 U,
1235 984 1321 1060 Bibl.
1400 986 1527 1085 profert
1541 1002 1722 1061 exuemom
1739 1004 1868 1088 portem
1881 987 2016 1074 Quomt.
2033 997 2118 1066 tas.
2134 1015 2178 1063 ex
2193 991 2259 1062 du·

471 1100 610 1187 Ordin,
628 1103 710 1176 Van.
731 1105 866 1190 illd,
879 1101 984 1200 lugd.
1007 1105 1131 1189 1522,
1151 1099 1209 1176 all.
1229 1101 1326 1174 Mob—
1402 1103 1554 1201 gustino;
1570 1119 1604 1177 at
1620 1102 1775 1177 eiusdem
1792 1104 1895 1177 verba
1910 1103 2055 1178 sollicite
2069 1131 2260 1180 accommo

470 1217 554 1301 diel;
574 1217 737 1294 mendose
756 1218 846 1290 hanc
868 1244 928 1316 pro
945 1216 1077 1314 Vulgati
1099 1216 1242 1290 lectione
1264 1216 1326 1289 ha·
1402 1218 1475 1305 dat,
1493 1245 1553 1304 ne,
1570 1218 1619 1292 uti
1641 1218 1734 1316 apud
1755 1218 1949 1307 llabanum,
1969 1245 2158 1318 repugnare
2179 1218 2259 1292 vol-

469 1331 550 1404 bent
568 1329 754 1431 polyglotta
776 1330 1005 1405 londinensia.
1024 1331 1106 1404 Cod.
1126 1331 1152 1402 B
1171 1329 1321 1403 IIoIdiel.
1402 1348 1479 1430 gato
1502 1331 1701 1419 videantur,
1728 1333 1806 1406 item
1832 1335 1950 1406 Petrus
1976 1333 2094 1407 Com:
2121 1333 2256 1407 Alcuini

472 1449 536 1520 Pro
551 1448 750 1532 habitantes,
768 1447 868 1521 codd.
882 1447 918 1532 F,
936 1448 963 1519 lt
983 1446 1191 1518 habitatores.
1209 1446 1271 1517 Pro
1289 1447 1325 1516 in
1402 1445 1564 1518 mendosa
1576 1444 1755 1532 eetlooti03
1767 1444 1871 1520 habet
1883 1448 1973 1519 enim
1983 1445 2121 1543 Ilva,
2137 1449 2255 1542 bil).

473 1578 575 1647 tarro,
589 1562 689 1635 codd.
703 1561 742 1649 A,
760 1561 791 1637 0
809 1564 845 1636 in
863 1577 993 1634 terram.
1011 1561 1083 1633 llox
1099 1559 1212 1633 ood.B
1230 1574 1326 1658 pater
1401 1558 1555 1657 Denique
1575 1559 1715 1632 Eusebii
1741 1560 1922 1636 Cbrooicoo
1947 1587 1967 1633 a
1991 1560 2161 1658 Scaligero
2186 1560 2259 1635 edi-

470 1676 579 1761 Esau,
597 1693 706 1775 poter.
1261 1743 1267 1750 .
1402 1687 1473 1746 tum
1489 1687 1583 1748 notat
1598 1673 1780 1772 losephum
1797 1675 2037 1749 venumdatum
2056 1702 2076 1749 a
2095 1675 2258 1748 iratribus

518 1789 600 1891 Cap.
613 1793 772 1878 Xllllvll,
790 1796 825 1864 1.
838 1807 1026 1890 paterenus
1035 1793 1264 1889 peregrinatus
1278 1803 1325 1861 est
1402 1814 1491 1863 anno
1516 1790 1636 1862 aetatis
1661 1789 1754 1862 XVI.
1775 1788 1888 1866 Monet
1911 1790 2049 1891 quidem
2069 1788 2258 1864 vallarsius

470 1905 667 1993 -Sixtini,
683 1905 783 1978 codd.
795 1905 834 1992 A,
848 1906 886 1991 C,
902 1908 945 1994 D,
962 1908 998 1993 F,
1012 1905 1050 1991 G,
1067 1905 1110 1992 H,
1126 1906 1162 1991 S,
1175 1906 1214 1991 Τ,
1229 1905 1270 1991 U,
1282 1904 1321 1991 V,
1402 1904 1512 2002 (Opp.
1527 1929 1556 1977 a.
1573 1904 1710 1978 Hieron.
1733 1903 1830 1989 VIII,
1852 1911 1936 1979 tto.
1945 1910 1963 2000 )
1985 1903 2073 1978 banc
2093 1904 2258 2001 Scaligeri

469 2018 556 2091 Bibl.
571 2019 708 2106 Ordin,
726 2021 841 2116 Hugo,
857 2020 1024 2120 Repertus
1036 2021 1263 2117 peregrinatus
1278 2033 1325 2090 cst
1401 2019 1577 2093 lectionem
1596 2019 1814 2117 depravatam
1830 2045 1924 2094 esse:
1941 2037 1976 2093 at
1991 2021 2026 2091 in
2043 2021 2166 2119 primis
2183 2022 2259 2093 ani·

464 2149 562 2231 poter
577 2161 675 2219 saus,
689 2134 765 2208 cod.
782 2136 808 2206 Ε
827 2136 1057 2232 peregrinatus
1075 2147 1172 2232 poter
1191 2137 1272 2208 eius.
1401 2135 1642 2209 madvertimus
1655 2133 1840 2210 Arnaldum
1857 2137 2042 2210 Pontacum
2056 2137 2091 2208 in
2107 2137 2199 2210 notis
2218 2137 2260 2208 ad

519 2251 553 2320 2.
575 2249 692 2346 Iosepb
717 2271 790 2322 com
814 2249 1069 2322 sedocim--Ab
1094 2249 1189 2324 hisce
1211 2248 1323 2322 verbis
1402 2249 1491 2324 idem
1515 2249 1698 2322 Obsonioon
1724 2249 1850 2324 diserto
1871 2252 1987 2325 testari
2010 2251 2180 2350 quosdam
2203 2277 2261 2324 ve

471 2364 567 2436 multi
586 2363 684 2438 codd.
702 2380 735 2438 et
750 2364 932 2463 pleraeque
949 2365 1026 2438 edd,
1043 2380 1122 2438 vett.
1139 2391 1215 2438 oum
1233 2391 1326 2461 grae
1403 2379 1489 2437 teres
1503 2364 1641 2438 Eusebii
1655 2364 1789 2438 codices
1803 2365 1913 2462 legere
1926 2365 1959 2438 X
1964 2366 2034 2449 VI,
2047 2363 2134 2440 elios
2144 2366 2258 2439 XVII.

470 2477 521 2550 cio
541 2478 706 2577 incipiunt
731 2495 831 2577 caput
855 2480 1018 2564 xxxvia
1040 2505 1080 2552 ea
1100 2494 1211 2552 autem
1238 2505 1326 2577 quae
1401 2478 1454 2553 vel
1468 2478 1596 2552 XVIII.
1612 2481 1717 2577 (Opp.
1733 2507 1762 2553 s.
1778 2479 1914 2552 Hieron.
1928 2479 1980 2554 od.
1999 2479 2141 2554 Volloro.
2161 2481 2256 2552 VIII.

470 2593 676 2691 praecedunt
693 2592 736 2665 ad
753 2594 911 2694 superius
927 2594 1111 2692 capitulum
1127 2593 1320 2667 adnectunt.
1401 2593 1547 2692 Append.
1569 2595 1629 2666 col.
1653 2595 1755 2684 57.);
1775 2595 1854 2668 dein
1881 2597 1916 2667 in
1940 2594 2093 2670 eiusdem
2116 2595 2257 2668 Eusebii

469 2709 532 2782 Pro
550 2709 704 2793 sedecim,
722 2711 884 2805 Rogerius
903 2711 1013 2782 Bacoo
1032 2709 1056 2781 l.
1074 2736 1104 2783 o.
1122 2710 1246 2782 asserit
1265 2735 1325 2780 an·
1401 2709 1536 2784 Caesar.
1555 2708 1725 2809 praeclara
1743 2708 1787 2782 ol.
1804 2710 1884 2784 llaii
1910 2710 1992 2784 edit.
2010 2708 2258 2784 mediolanensi

470 2825 583 2923 tiques
603 2826 740 2900 codices
760 2847 837 2898 oum
859 2825 1004 2898 hebraeo
1024 2840 1057 2897 et
1077 2850 1196 2922 graeco
1215 2824 1325 2920 legere
1404 2830 1512 2920 (anno
1533 2826 1641 2896 1818.
1658 2849 1736 2922 pag.
1756 2825 1863 2918 att.)
1888 2839 2002 2922 aperte
2022 2821 2145 2920 legitur
2162 2824 2197 2896 X
2201 2824 2255 2894 VI.

466 2939 682 3036 septendecim
689 2968 701 3024 ;
721 2939 821 3012 dard.
838 2941 1018 3012 Bessarion
1042 2939 1065 3011 l.
1082 2966 1113 3014 c.
1131 2940 1219 3014 banc
1240 2965 1324 3013 non·
1402 2938 1565 3024 Quamvis
1583 2961 1663 3012 vero
1686 2938 1775 3011 idem
1793 2938 1902 3010 ldaius
1921 2938 1956 3013 in
1975 2937 2081 3012 altera
2099 2938 2259 3012 eiusdem

467 3053 571 3128 nullis
586 3054 703 3127 latinis
718 3054 896 3128 lectionem
911 3055 1091 3143 adscribit,
1104 3056 1256 3128 eamdem
1274 3081 1325 3128 sa-
1400 3054 1512 3155 operis
1531 3053 1611 3127 edit.
1626 3079 1729 3152 quam
1746 3053 1782 3126 in
1801 3054 1875 3128 suis
1891 3055 2028 3152 Sorrptt.
2046 3053 2125 3124 Vett.
2147 3051 2256 3145 (Vlll,

468 3183 618 3266 quantur
647 3167 857 3264 Augustinus
885 3169 1043 3264 (Quaeso.
1070 3176 1153 3244 tau.
1177 3173 1214 3241 io
1241 3169 1319 3242 Gen.
1401 3171 1508 3264 288.)
1532 3168 1691 3255 inseruit,
1708 3193 1840 3242 rursum
1864 3194 2061 3265 graecorum
2077 3167 2257 3240 lectionem

468 3283 557 3356 hanc
580 3299 692 3356 autem
718 3283 898 3380 Augustini
925 3283 1157 3383 quaestionem
1181 3286 1225 3357 ad
1249 3296 1324 3359 ver·
1401 3284 1588 3370 suffecerit,
1606 3299 1717 3357 tamen
1731 3283 1766 3354 in
1780 3283 1971 3360 armeniaco
1983 3283 2122 3358 Eusebii
2140 3282 2259 3356 codiee

466 3398 547 3470 bum
569 3399 688 3472 recitat
707 3399 884 3485 Rabanus,
900 3398 977 3470 licet
998 3399 1072 3498 ipse
1089 3399 1221 3496 Vulgari
1243 3400 1318 3474 lect.
1400 3399 1484 3475 ael.
1501 3400 1574 3474 loh.
1592 3400 1744 3496 Baptista
1763 3398 1897 3472 Aucber
1916 3397 2143 3474 Mochitarista
2164 3397 2258 3471 edito

467 3519 597 3610 servet)
625 3531 659 3587 et
682 3529 762 3588 vett.
786 3515 985 3612 interpretes
1011 3539 1149 3600 omnes;
1174 3516 1323 3614 itemque
1399 3515 1546 3590 venetiis
1563 3517 1775 3588 ann01818.
1795 3517 1909 3613 (parte
1925 3516 2146 3612 apagtt.)
2163 3529 2258 3588 utra·

468 3631 623 3704 lsidorus
639 3631 785 3704 Clarius.
802 3630 976 3704 Praeclare
994 3631 1029 3700 in
1045 3630 1081 3702 h.
1097 3629 1121 3702 l.
1138 3631 1323 3704 vallarsius
1400 3653 1467 3729 quo
1481 3628 1579 3702 lectio
1592 3645 1850 3702 commemorata
1863 3628 2011 3715 videtur;
2027 3629 2149 3726 legitur
2163 3629 2256 3700 enim

467 3745 602 3818 scribit:
620 3775 635 3814 o
650 3745 821 3818 Exciderit
836 3771 855 3818 e
870 3745 975 3818 latino
991 3744 1186 3844 apographo
1203 3745 1323 3818 ultima
1401 3747 1435 3819 in
1460 3747 1537 3843 ipso
1563 3769 1702 3817 armeno
1728 3759 1835 3818 textu:
1856 3770 1994 3818 «annos
2020 3769 2124 3841 agens
2149 3745 2251 3816 xvn.

469 3860 687 3934 »numeralis
710 3877 806 3946 nota,
823 3876 897 3947 aut,
914 3858 1007 3959 quod
1027 3860 1156 3957 passim
1178 3887 1244 3933 usu
1265 3887 1322 3934 ve-
1402 3860 1539 3956 n(aliis
1562 3860 1704 3955 ΠΜ»
1724 3859 1767 3932 llt
1790 3861 1825 3932 in
1850 3859 1956 3932 latina
1980 3859 2135 3934 versione
2165 3886 2255 3958 quae

468 3975 569 4064 nnit,
587 3977 741 4074 effugerit
763 3975 985 4049 describentis
1006 3975 1139 4060 oculos,
1156 3975 1215 4072 qui
1234 3975 1316 4048 XVI.
1401 3977 1527 4052 ibidem
1555 3977 1687 4051 adiecta
1713 3989 1766 4048 est
1796 3974 1959 4049 habetur:
1984 4001 2124 4050 «annos
2149 3999 2256 4071 agens

468 4091 657 4190 »depinxit
679 4118 739 4192 pro
757 4091 857 4162 XVll.
874 4090 1012 4163 Caetera
1034 4090 1124 4162 enim
1143 4090 1228 4162 adeo
1250 4115 1322 4164 cer-
1401 4092 1517 4164 axvi.
1538 4089 1636 4187 (aliis
1657 4092 1796 4185 xvia).
1811 4120 1829 4160 n
1845 4090 1944 4175 Quod
1963 4090 2102 4189 quidem
2128 4116 2193 4163 nos
2215 4117 2257 4162 ex

468 4237 485 4278 n
502 4223 640 4280 tumeat
654 4207 748 4280 iuxta
765 4204 945 4278 hebraeum
962 4219 994 4277 et
1011 4205 1186 4278 versiones
1204 4230 1321 4280 omnes
1397 4207 1494 4282 latini
1516 4206 1709 4302 interpretis
1735 4205 1871 4278 licentia
1891 4205 2076 4302 proiectum
2100 4229 2179 4277 esse
2202 4231 2256 4277 ar·

467 4354 484 4394 o
500 4323 729 4422 septemdecim
739 4322 795 4394 hic
810 4347 946 4420 quoque
958 4319 1083 4394 debere
1096 4319 1161 4416 lagi
1175 4347 1236 4420 pro
1249 4348 1321 4396 soo-
1397 4322 1578 4408 bitraotas,
1595 4347 1715 4418 urgere
1731 4347 1798 4394 non
1817 4346 2013 4420 possumus.
2029 4321 2122 4394 llaec
2139 4321 2256 4418 paullo

466 4437 624 4522 oderim,
650 4453 687 4510 ut
712 4437 851 4509 minime
876 4435 1067 4510 audiendus
1094 4435 1320 4516 llartianaeus
1398 4437 1517 4510 fusiori
1530 4435 1661 4510 calamo
1675 4435 1875 4535 protulimus
1889 4461 1932 4508 ne
1945 4436 2024 4534 quis
2036 4451 2162 4510 tamem
2176 4461 2256 4510 suc·

465 4555 561 4640 usit,
578 4554 635 4654 qui
655 4554 865 4653 expressisse
883 4552 1126 4650 Hieronymum
1145 4566 1242 4649 putat
1258 4577 1320 4626 an·
1397 4566 1534 4649 censeat
1555 4550 1799 4624 correctoribus
1822 4550 1871 4622 Pii
1891 4550 1950 4634 V.,
1972 4550 2031 4649 qui
2054 4549 2255 4624 hodiernam

468 4699 485 4738 o
502 4693 564 4742 sos
579 4668 645 4742 iam
660 4667 823 4768 expletos,
836 4683 869 4741 et
884 4691 984 4766 quem
1001 4665 1150 4738 nondum
1166 4680 1322 4761 exegerat
1395 4665 1529 4762 Vulgati
1545 4662 1720 4750 lectionem
1738 4663 1947 4738 retinendam
1962 4681 2184 4750 censuerunt,
2201 4665 2254 4738 vel

469 4781 821 4880 »loseph,decimum
837 4781 1017 4881 septimum
1035 4779 1315 4879 praetermisisse.
1397 4781 1475 4856 aliie
1500 4781 1558 4880 qui
1587 4780 1722 4879 sequuti
1749 4794 1830 4853 sunt
1854 4779 2004 4852 romanis
2030 4779 2251 4862 censoribus,

466 4927 484 4966 n
500 4895 595 4973 Nihil
610 4896 741 4968 minus:
759 4895 966 4994 Hieronymo
987 4895 1165 4967 immutare
1184 4919 1246 4991 pro
1265 4920 1320 4967 ar·
1396 4897 1455 4995 qui
1477 4921 1540 4970 suo
1564 4895 1699 4970 silentio
1720 4894 1872 4968 eamdem
1895 4892 2172 4991 compmbarunt;
2196 4893 2256 4966 illa

465 5011 600 5090 »bitrio
629 5025 755 5084 textum
781 5035 890 5108 neque
915 5007 1027 5094 licuit,
1053 5035 1163 5109 neque
1190 5024 1319 5084 tantum
1397 5011 1486 5085 enirn
1514 5026 1582 5086 tum
1609 5010 1779 5084 communi
1806 5009 1983 5084 latinorum
2010 5007 2146 5082 testium
2172 5035 2255 5082 con·

465 5125 567 5202 »sibi
582 5150 743 5224 umquam
762 5124 922 5202 tribuit.»
936 5124 1193 5222 (Opp.s.IIicr.
1213 5139 1236 5194 t.
1252 5122 1315 5196 IX.
1396 5151 1500 5200 sensu
1532 5124 1670 5201 sullulta
1695 5123 1848 5211 videtur,
1878 5138 1947 5200 turn
1977 5122 2092 5222 aliquo
2114 5139 2255 5198 externo

458 5268 541 5341 pop.
561 5241 645 5331 75.)
668 5240 822 5318 Universi
844 5257 956 5314 tamen
978 5239 1083 5314 nostri
1105 5237 1204 5312 codd.
1221 5237 1318 5314 launi
1397 5239 1568 5340 praesidio
1587 5265 1654 5313 non
1673 5255 1776 5318 earet.

463 5383 540 5430 oum
549 5356 690 5452 Vulgata
707 5355 938 5441 consentiuot;
953 5354 1055 5427 immo
1068 5351 1185 5430 codo
1205 5368 1319 5451 aperte
1445 5353 1532 5428 lbid.
1554 5369 1584 5426 ct
1605 5367 1736 5428 crot—
1749 5353 1856 5432 Codd.
1873 5352 1919 5439 E,
1937 5351 1979 5440 (i,
1997 5351 2176 5428 deibertus
2204 5369 2253 5424 ta·

464 5486 605 5545 testatur
629 5469 753 5545 latinos
781 5484 911 5545 veteres
936 5481 970 5540 et
998 5466 1178 5540 modernos
1208 5466 1319 5564 legere
1395 5486 1624 5556 centnexum3
1639 5469 1718 5544 item
1733 5493 1888 5565 graecus.
1903 5468 2122 5574 Prcqrepcm,
2139 5468 2252 5540 bruno

464 5585 555 5659 XVI.
569 5583 820 5664 etsihebraeus
836 5601 870 5660 et
885 5605 1026 5680 graecus
1044 5581 1191 5664 habeant
1203 5583 1236 5655 X
1240 5583 1313 5654 vll.
1395 5602 1460 5661 ast.
1476 5611 1601 5683 propes.
1620 5585 1698 5664 Post
1712 5583 1802 5682 opud
1816 5600 1962 5681 patrem,
1978 5581 2078 5657 oodd.
2092 5581 2129 5670 ll,
2146 5581 2173 5654 E
2194 5583 2253 5656 ad-

464 5702 527 5775 Pro
544 5700 662 5778 cadmo
675 5699 805 5797 vulgati
820 5699 963 5778 lectione
979 5713 1070 5780 stam
1082 5714 1253 5798 praeterea
1265 5722 1321 5770 ve-
1395 5700 1481 5777 dunt
1492 5724 1604 5785 utun,
1617 5700 1667 5782 uti
1679 5699 1803 5798 Aquila
1814 5699 1957 5799 etpauoi
1973 5697 2073 5772 codd.
2085 5697 2246 5786 belmas,

464 5829 552 5890 teres
567 5829 734 5901 auctores,
752 5813 810 5912 qui
826 5812 1083 5912 hieronymiana
1093 5814 1251 5893 versione
1264 5811 1318 5889 usi
1395 5815 1565 5892 hebraeus
1585 5829 1696 5890 autem
1716 5831 1751 5890 et
1768 5815 1890 5914 reliqui
1910 5815 2040 5890 addunt
2059 5841 2180 5892 eonmt.
