4804 6692
1221 492 1537 570 raotsaonam

1287 683 1323 783 g.
1350 681 1461 759 xrs.

737 845 864 951 Opere
892 843 936 922 ire
967 841 1133 952 longum
1160 870 1187 920 a
1211 841 1459 950 gregorianis
1485 837 1763 920 correctoribus
1783 857 2011 950 protracto,

937 995 1080 1048 norum
1108 967 1272 1076 eapitur
1296 995 1323 1046 a
1351 965 1552 1070 Pontifice
1578 963 1816 1044 eonsilium.

577 1145 754 1254 Urgebat
781 1143 942 1254 quidem
972 1171 1046 1252 pro
1073 1145 1226 1226 viribus
1248 1171 1353 1250 opus
1376 1144 1606 1250 incoeptum
1630 1144 1730 1224 haec
1754 1145 2039 1250 Congregatio;
2065 1171 2198 1252 neque
2221 1164 2280 1227 ta-

470 1299 559 1352 men
589 1273 756 1352 multum
785 1271 1089 1378 proficiebatur,
1116 1287 1200 1350 tum
1226 1269 1282 1348 ob
1309 1269 1593 1348 sententiarum
1621 1269 1869 1366 varietatem3
1896 1286 1983 1348 tum
2010 1269 2128 1348 etiam
2154 1271 2281 1377 potis-

470 1397 610 1475 simum
633 1424 685 1474 ex
706 1423 754 1475 eo
781 1393 892 1502 quod
919 1396 1020 1474 ratio
1044 1396 1130 1502 ipsa
1153 1392 1346 1472 examinis
1374 1419 1506 1472 coram
1535 1392 1730 1472 universis
1750 1390 1920 1472 faciendi
1943 1419 2028 1472 rem
2049 1394 2089 1472 in
2114 1393 2279 1498 longum

470 1521 586 1600 nimis
613 1519 885 1626 protrahebat.
915 1517 1140 1598 Accedebat
1163 1516 1398 1596 senteutiam
1420 1515 1597 1596 iudicum
1616 1543 1638 1595 a
1659 1543 1815 1595 summo
1835 1515 2027 1596 Pontifice
2055 1516 2279 1623 designato·

471 1671 559 1722 rum
588 1641 753 1748 rogandi
786 1642 1021 1722 necessitas:
1052 1640 1389 1745 Congregationes
1419 1667 1592 1746 namque
1623 1640 1828 1746 privatae,
1859 1667 1958 1747 quas
1989 1641 2278 1747 appellabant,

470 1765 592 1846 dubia
619 1765 670 1846 ad
698 1766 1075 1874 Congregationem‚
1096 1766 1160 1843 cui
1190 1781 1342 1870 septem
1369 1763 1586 1842 intererant
1612 1780 1743 1868 patres
1766 1761 2013 1862 Cardinales,
2036 1762 2277 1844 referebant.

470 1890 603 1996 Hique
630 1889 801 1968 vicissim
829 1889 1063 1969 Pontificem
1091 1887 1376 1983 consulebant,
1404 1889 1434 1966 si
1464 1886 1564 1995 quid
1590 1888 1726 1967 saltem
1754 1888 1913 1968 maioris
1940 1888 2128 1966 momenti
2155 1889 2280 1968 ambi·

469 2042 589 2121 guum
617 2042 659 2094 se
686 2013 904 2110 offerebat,
930 2013 1042 2122 quod
1070 2013 1305 2092 auctoritate
1332 2009 1507 2090 eiusdem
1529 2012 1675 2091 Christi
1697 2011 1845 2090 Vicarii
1872 2010 2087 2116 indigeret,
2109 2029 2156 2090 ut
2181 2010 2280 2092 defi·

468 2139 595 2216 nitum
623 2136 863 2245 firmumqsie
890 2138 994 2218 inter
1020 2137 1147 2216 varias
1175 2154 1215 2216 et
1241 2164 1368 2244 aeque
1396 2136 1624 2244 probabiles
1647 2136 1836 2216 lectiones
1864 2153 2054 2215 maneret.
2081 2136 2280 2242 Religioni

468 2289 612 2367 porro,
639 2280 678 2340 et
706 2264 793 2342 iure
820 2261 1005 2369 quidem,
1027 2262 1231 2341 habebant
1257 2261 1313 2338 illi
1341 2261 1417 2339 viri
1442 2261 1632 2340 lectiones
1654 2259 1806 2340 aSixto
1827 2259 1879 2336 V.
1901 2275 2077 2366 receptas
2100 2277 2278 2354 mutare,

468 2411 571 2492 quae
598 2386 689 2466 licet
711 2415 733 2465 a
757 2387 1036 2494 manuscriptis
1059 2415 1142 2466 non
1166 2385 1258 2464 satis
1284 2386 1462 2464 munitae
1484 2382 1739 2478 viderentur,
1761 2382 2007 2464 editionibus
2033 2399 2166 2463 tamen
2189 2383 2280 2491 plu·

467 2509 580 2588 ribus
606 2511 931 2590 consentiebant:
962 2512 1062 2590 haec
1089 2512 1224 2614 itaque
1251 2526 1389 2604 erant,
1420 2507 1646 2615 dequibus
1673 2535 1764 2587 cum
1792 2509 1950 2614 saepius
1977 2509 2277 2614 ambigeretur,

467 2651 551 2712 tum
579 2633 762 2714 Pontifici
790 2635 929 2713 ultimo
949 2632 1174 2714 definienda
1192 2633 1535 2740 relinquebantur.
1563 2633 1639 2712 Hic
1658 2651 1792 2712 autem
1818 2631 1914 2712 dum
1932 2660 2008 2740 pro
2026 2659 2098 2712 sua
2118 2631 2279 2739 sapien-

466 2760 522 2838 tia
549 2759 823 2838 consultorum
852 2775 946 2838 vota
971 2759 1067 2837 hinc
1084 2775 1123 2838 et
1142 2757 1235 2838 inde
1263 2759 1509 2865 exquireret,
1534 2785 1597 2838 res
1624 2758 1745 2862 magis
1763 2784 1809 2836 ae
1828 2756 1949 2862 magis
1966 2758 2010 2834 in
2029 2755 2114 2836 dies
2140 2773 2280 2836 exten·

466 2880 652 2980 debatur.
680 2883 984 2964 Monumentum
1012 2883 1125 2962 istius
1149 2883 1476 2989 Congregationis
1498 2883 1681 2988 superius
1701 2881 1864 2960 citatum
1893 2895 2067 2958 nostram
2095 2882 2279 2960 assertio·

467 3035 558 3087 nem
577 3008 832 3106 corroborat3
853 3035 903 3086 ex
922 3035 971 3086 eo
991 3034 1164 3113 namque
1183 3007 1357 3103 eruitur,
1379 3035 1464 3086 non
1483 3024 1576 3086 ante
1595 3004 1768 3084 medium
1794 3005 1939 3084 mensis
1960 3005 2091 3083 martii
2110 3004 2280 3085 Genesis

427 3215 429 3218 ,
467 3131 615 3210 librum
642 3132 909 3212 examinatum
937 3131 1076 3229 fuisse,
1097 3133 1153 3211 ita
1171 3149 1217 3210 ut
1235 3132 1409 3237 integros
1432 3129 1698 3238 quadraginta
1725 3127 1809 3208 dics
1827 3128 1870 3207 in
1888 3127 2063 3208 eiusdem
2092 3128 2281 3210 emenda·

466 3255 616 3334 tionem
634 3254 690 3333 illi
709 3255 1007 3363 insumpserint.
1033 3251 1155 3352 Quod
1175 3257 1228 3350 si,
1249 3273 1295 3333 ut
1314 3255 1369 3332 ibi
1389 3254 1557 3348 dicitur,
1579 3251 1643 3333 die
1661 3253 1809 3337 XVlll.
1831 3253 1960 3332 martii
1978 3253 2127 3332 librum
2145 3252 2279 3332 Exodi

466 3378 595 3484 legere
623 3396 864 3485 coeperunt,
890 3382 957 3457 vix
985 3378 1166 3460 sufficere
1194 3397 1351 3486 poterat
1376 3380 1528 3483 integer
1554 3378 1621 3457 ille
1648 3405 1797 3473 annus,
1823 3393 1869 3456 ut
1895 3376 2018 3456 solius
2040 3377 2093 3456 V.
2115 3376 2165 3454 T.
2187 3403 2281 3457 exa·

467 3528 558 3580 men
581 3499 864 3581 absolveretur.
892 3501 1027 3599 Quare
1047 3501 1100 3580 M.
1123 3491 1327 3580 Antonius
1343 3500 1540 3580 Columna
1562 3503 1764 3607 ceterique
1787 3499 2037 3598 Cardinales,
2060 3501 2215 3608 quibus
2232 3528 2282 3581 ea

467 3649 562 3702 cura
581 3622 817 3704 demandata
835 3641 939 3720 erat,
962 3651 1042 3706 una
1061 3651 1194 3704 secum
1222 3640 1455 3730 reputantes
1474 3640 1741 3702 uenientum
1766 3623 1899 3730 ipsum
1922 3623 1967 3702 in
1989 3624 2139 3731 primis
2164 3625 2282 3730 disfi-

466 3747 543 3826 cile
571 3749 777 3856 negotium
804 3776 903 3845 este,
933 3749 1004 3828 sed
1029 3777 1118 3828 eam
1148 3750 1193 3828 in
1219 3747 1465 3856 expediendo
1493 3748 1734 3827 celeritatem
1763 3747 1974 3854 requirere,
2009 3764 2055 3826 ut
2086 3747 2191 3826 idem
2220 3750 2283 3829 lo-

466 3872 605 3980 quitur
627 3889 953 3970 monumentum:
977 3889 1022 3952 ut
1045 3888 1234 3952 nontam
1255 3871 1477 3951 multorum
1505 3871 1669 3977 linguas
1686 3899 1734 3950 ae
1752 3898 1873 3966 voces,
1897 3897 2023 3978 quum
2045 3899 2279 3978 paucorum

460 3998 642 4103 prudens
661 3997 900 4105 doctumque
919 3996 1119 4077 iudicium
1140 3996 1353 4106 postulare
1370 3994 1584 4088 rideretur:
1603 3995 1815 4075 commoni
1832 3994 2003 4074 consilio
2021 4011 2276 4089 statuerunt,

467 4134 513 4198 ui
537 4121 596 4200 ad
614 4149 771 4230 paucos
797 4139 835 4200 et
865 4123 1044 4202 maxime
1070 4120 1233 4204 idonens
1261 4120 1492 4226 deferretur.
1519 4119 1575 4226 (1)
1604 4117 1706 4198 Tali.
1722 4119 1876 4227 ratione
1905 4135 1944 4198 et
1975 4118 2164 4223 Gregorii
2182 4123 2281 4198 lllV.

570 4391 609 4456 (1)
627 4386 706 4444 iuvat
726 4394 855 4450 actorum
875 4385 955 4451 illius
974 4387 1204 4461 congegatioaia
1225 4387 1338 4450 unitrer-¹
1408 4387 1522 4462 negotio
1541 4381 1972 4462 examinandoiptrilaiendoque
1988 4387 2213 4462 congregatione
2230 4389 2284 4444 ln-

464 4492 528 4536 sum
549 4475 758 4550 fragmentum,
781 4473 816 4556 de
838 4491 896 4550 quo
915 4475 1041 4548 loquitur
1062 4477 1262 4548 Ungarellius,
1284 4476 1338 4534 boe

465 4564 527 4622 loro
547 4565 695 4623 subiicere.
713 4563 787 4638 &De
804 4557 894 4622 iecra
910 4565 1073 4622 Bibliorum
1093 4567 1336 4639 congregatione.

464 4653 608 4726 Praecepit
631 4659 841 4710 sacrosanotum
864 4655 1018 4711 concilium
1041 4652 1228 4712 tridentinum
1251 4663 1285 4712 ut
1305 4655 1335 4711 in

464 4741 580 4800 edendis
595 4741 847 4816 imprimendisque
862 4743 950 4802 sacris
961 4744 1077 4812 bibliis,
1092 4743 1247 4818 praecipuis
1263 4744 1336 4802 ebri-

464 4830 573 4888 stiauae
587 4829 653 4888 fidei
671 4829 881 4902 fundamentis,
894 4831 1040 4904 diligentia
1053 4841 1157 4905 quanta
1170 4841 1276 4906 quanta
1290 4830 1339 4890 ad·

465 4918 553 4976 biberi
569 4921 670 4992 possit,
683 4918 865 4991 adhibeatur,
879 4919 1008 4978 videlicet
1020 4929 1054 4978 ut
1067 4937 1125 4978 non
1139 4919 1336 4979 tantummodo

463 5023 480 5065 a
501 5007 611 5070 mendis
631 5009 844 5082 erroribusque,
861 5012 911 5083 qui
927 5018 979 5068 aut
996 5009 1110 5068 inscitia
1129 5019 1158 5068 et
1175 5011 1284 5068 incenia
1303 5009 1338 5066 li-

463 5096 638 5168 brariorum,
651 5106 701 5155 aut
713 5096 812 5156 fraude
825 5113 858 5155 ae
874 5097 981 5156 malitia
999 5098 1202 5158 baereticorum
1220 5101 1337 5172 irrepse-

465 5187 535 5257 rint,
555 5197 777 5269 perpurgcmur:
795 5187 844 5246 sed
865 5190 950 5246 etiam
969 5197 1119 5246 uteorum
1140 5189 1335 5264 antiquissima

464 5277 554 5335 latina
576 5279 685 5349 versio,
706 5286 764 5336 tam
790 5277 946 5336 multorum
967 5293 1107 5336 annorum
1133 5279 1283 5336 curriculis
1307 5285 1336 5336 et

463 5365 609 5427 domorum
629 5367 830 5442 approbatione
847 5376 958 5442 recepta
977 5383 1011 5426 ac
1029 5367 1211 5436 confirmata,
1228 5367 1334 5440 ubique

463 5457 492 5512 in
508 5455 634 5513 ecclesiis
648 5454 806 5530 divinisque
820 5455 921 5516 officiis
935 5455 1106 5516 adservetur.
1122 5457 1214 5516 Huius
1226 5459 1336 5529 provin·

463 5545 522 5604 ciac
548 5543 746 5617 adimplendae
769 5546 888 5618 primam
911 5562 975 5604 mox
1001 5561 1097 5604 curam
1121 5546 1189 5604 Pius
1210 5547 1334 5618 Quintus

462 5634 598 5706 suscepit:
612 5631 662 5690 sed
677 5647 709 5691 eo
723 5633 816 5702 brevi,
829 5632 931 5692 deinde
943 5634 1080 5708 Gregorio
1093 5635 1172 5690 xlii.
1187 5643 1275 5692 morte
1288 5651 1334 5692 su·

461 5721 561 5792 blatis,
576 5722 671 5780 Sixtus
691 5722 815 5794 Quintus
832 5723 909 5780 illam
926 5724 1046 5792 iterum,
1059 5731 1088 5780 et
1104 5731 1168 5796 post
1183 5739 1247 5780 euin
1266 5725 1337 5782 Gre-

463 5811 558 5880 gorius
578 5813 673 5882 xit,
692 5811 878 5885 clemensque
900 5818 1015 5870 murus
1036 5821 1264 5884 resumpserunt,
1288 5828 1332 5870 re·

463 5907 659 5974 surripiamque
681 5899 874 5960 absolverunt:
893 5901 939 5960 usi
962 5901 1015 5976 ipsi
1039 5901 1070 5959 in
1093 5902 1257 5974 gravissimo
1281 5902 1334 5962 boc

1409 4477 1490 4534 dicis.
1510 4476 1662 4534 Constabat
1679 4475 1747 4534 haec
1765 4475 1879 4550 quidem
1896 4475 1925 4533 id
1942 4477 2076 4550 temporis
2093 4479 2283 4550 congregatio

1410 4583 1444 4642 er
1455 4565 1603 4624 duodecim
1617 4567 1682 4638 plus
1696 4565 1790 4639 miuus
1802 4565 1972 4638 gravissimis
1983 4565 2196 4636 cardinalibus,
2210 4583 2284 4623 non·

1407 4657 1498 4713 nullis
1516 4655 1601 4712 otiam
1621 4655 1688 4712 viris
1706 4654 1920 4723 erudititsimis,
1937 4669 2057 4729 quorum
2075 4655 2204 4712 omnium
2224 4664 2286 4713 stu·

1408 4745 1454 4803 dia
1474 4745 1504 4801 in
1523 4745 1576 4802 boc
1594 4759 1676 4818 opere
1697 4744 1855 4820 peragendo
1873 4751 1958 4802 recte.
1970 4752 1999 4802 et
2018 4743 2125 4802 utiliter
2142 4745 2210 4817 poni
2231 4759 2284 4817 po·

1411 4842 1513 4894 terant.
1533 4836 1733 4890 Verumtamen
1757 4849 1822 4892 cum
1843 4849 1900 4890 nou
1919 4841 2030 4892 tantum
2047 4823 2141 4906 ¹ipsum
2163 4833 2283 4892 difficile

1409 4922 1551 5000 imprimis
1570 4922 1714 4995 negotium
1735 4930 1822 4990 esset:
1842 4921 1892 4980 s'ed
1911 4937 1972 4980 eam
1993 4923 2023 4979 in
2042 4921 2214 4995 expediendo
2235 4939 2283 4980 ce·

1411 5013 1549 5073 toritatem
1566 5013 1733 5084 requireret,
1749 5020 1855 5070 utnon
1869 5019 1928 5070 tam
1946 5011 2102 5068 multarum
2119 5010 2285 5084 linguosae

1408 5117 1505 5171 voces,
1523 5116 1608 5176 quam
1630 5116 1784 5173 paucorum
1804 5099 1928 5174 prudens
1948 5100 2119 5172 doctumque
2143 5098 2283 5158 iudicium

1408 5187 1550 5265 postulare
1567 5189 1721 5258 videretur:
1735 5189 1877 5247 commoni
1894 5189 2012 5247 consilio
2027 5197 2165 5247 statutum
2178 5197 2236 5258 est,
2250 5197 2283 5246 ut

1408 5279 1443 5337 ad
1464 5294 1583 5352 paucos,
1601 5285 1629 5335 et
1647 5279 1767 5336 maxima
1783 5277 1899 5336 idoneos
1918 5276 2081 5336 deferretur.
2102 5277 2190 5335 Electi
2213 5285 2284 5336 saut

1406 5366 1494 5440 igitur
1510 5366 1672 5426 Cardinales
1686 5367 1760 5437 duo,
1772 5369 1884 5426 Murcus
1898 5367 2041 5424 tamaius
2055 5366 2194 5424 micinas
2209 5367 2283 5424 Con·

1407 5457 1578 5530 gragationis
1598 5455 1772 5536 Praefectus,
1789 5457 1831 5516 vir
1851 5457 1936 5530 longa
1955 5471 2050 5514 reram
2069 5471 2141 5525 usu,
2161 5455 2282 5528 ipsaque

1406 5543 1573 5604 auctoritate
1591 5553 1620 5604 et
1640 5545 1695 5604 vita
1717 5545 1827 5618 gravia:
1846 5553 1875 5602 et
1892 5543 2053 5604 Gulielmus
2074 5542 2204 5614 Alanus,
2224 5557 2284 5615 quo

1407 5635 1449 5692 vix
1465 5637 1615 5710 quisquam
1630 5634 1807 5694 exercitatior
1821 5635 1852 5692 in
1866 5635 1953 5694 sacris
1966 5634 2068 5692 litteris
2083 5649 2144 5695 esse
2157 5641 2282 5706 poterat:

1406 5723 1510 5798 quippe
1528 5726 1578 5797 qui
1596 5733 1625 5782 et
1643 5723 1694 5780 diu
1712 5719 1859 5794 docuerat,
1880 5730 1909 5782 et
1929 5723 2049 5798 plurima
2069 5723 2235 5794 scripserat,
2253 5728 2282 5778 et

1404 5814 1581 5887 singularem
1605 5810 1757 5886 quamdam
1777 5822 1994 5887 perpetuamque
2013 5827 2126 5885 operam
2151 5811 2181 5868 in
2202 5809 2282 5867 eodi-

1407 5903 1487 5962 cibus
1507 5903 1593 5962 samis
1613 5900 1777 5971 solvendis,
1798 5901 1953 5980 vertendis,
1972 5899 2105 5961 bonodia
2122 5905 2278 5958 parauerat.
