4750 6694
773 528 1017 610 sarsurus
1042 525 1231 605 ursinus
1650 505 1679 548 ⁴
1828 519 1910 597 xcv

99 694 262 800 ginibus
278 690 429 801 gothici
448 686 706 770 habebantur
723 681 924 766 interdum
945 711 995 764 ex
1012 683 1138 762 LXX.
1160 679 1387 776 codicibus,
1408 676 1608 760 interdum
1628 705 1680 758 ex
1697 679 1782 758 aliis
1800 706 1910 786 grae·

99 823 156 898 cis
183 817 407 925 desumpta.
434 815 533 895 Item
558 813 601 894 in
624 812 728 894 libro
754 811 920 892 Numer.
941 837 1031 920 cap.
1059 836 1120 890 ro.
1142 805 1270 888 codici
1294 804 1455 912 gothico
1476 803 1784 910 foliumunum,
1799 821 1847 883 et
1869 805 1912 884 in

99 945 221 1024 Dent.
244 943 384 1023 folium
410 941 601 1034 alterum,
628 938 733 1020 etin
761 937 877 1018 tertio
901 937 1054 1039 Regum
1082 931 1165 1012 duo
1192 931 1329 1010 ultima
1356 929 1449 1011 folia
1477 927 1640 1027 desunt3
1666 955 1751 1010 non
1778 945 1913 1010 tamen

99 1081 306 1172 amputata
329 1083 426 1145 sunt
448 1064 499 1145 ab
519 1063 598 1143 hoc
618 1087 804 1156 excusso,
826 1057 896 1140 sed
918 1059 1139 1137 incorrecta
1157 1072 1334 1136 manent.
1360 1060 1453 1136 ltem
1473 1051 1598 1134 codex
1621 1055 1805 1160 gothicus
1828 1082 1913 1134 non

100 1191 225 1272 habet
256 1189 358 1270 duos
391 1208 614 1298 postremos
646 1184 793 1267 Esdrae
820 1186 901 1291 (r);
934 1182 1024 1266 ideo
1051 1209 1075 1260 a
1100 1179 1238 1262 codice
1272 1181 1350 1260 hoc
1382 1206 1547 1260 excusso
1578 1180 1773 1287 amputati
1802 1197 1910 1259 sunt.

99 1315 252 1418 Quoad
274 1316 473 1423 reliquos,
494 1315 606 1394 lllme
626 1313 837 1419 Princeps,
857 1309 1085 1417 Scripturae
1102 1322 1262 1388 sanctae
1281 1303 1405 1382 libros
1422 1305 1465 1382 in
1483 1302 1621 1384 codice
1639 1304 1799 1409 gothico
1818 1330 1914 1383 con·

101 1456 256 1536 tentos,
278 1467 382 1547 quos
408 1466 484 1518 nec
511 1436 564 1518 ad
591 1454 759 1518 vestram
786 1434 1098 1516 dominationem
1124 1429 1244 1510 modo
1270 1430 1537 1510 transmittere
1563 1430 1691 1524 valui,
1712 1457 1775 1510 res
1796 1429 1852 1510 sic
1874 1457 1915 1509 se

101 1564 244 1644 habet:
272 1579 352 1642 tres
374 1590 423 1642 ex
443 1563 520 1658 eis,
542 1562 689 1642 scilicet
711 1561 878 1654 Tobios,
900 1556 1054 1653 Iudith,
1076 1555 1324 1649 Psalterium‚
1346 1555 1513 1632 maxime
1536 1571 1576 1632 et
1596 1553 1730 1633 multis
1754 1555 1796 1632 in
1818 1554 1916 1634 locis

104 1717 128 1768 a
157 1689 304 1768 nostris
330 1685 537 1766 codicibus
564 1686 814 1792 discrepant3
841 1699 1089 1792 quapropter
1115 1708 1184 1761 eos
1212 1681 1502 1786 manuscriptos
1529 1677 1580 1758 ad
1609 1695 1778 1759 vestram
1806 1681 1916 1760 celsi·

100 1811 286 1892 tudinem
310 1837 431 1918 quam
454 1812 639 1892 citissime
657 1813 811 1891 mittere
832 1809 985 1889 curabo
1005 1809 1077 1916 (a).
1103 1806 1264 1914 Reliqui
1282 1805 1458 1883 omnium
1479 1804 1769 1912 prophetarum
1786 1823 1828 1885 et
1849 1803 1916 1884 Sa·

103 1936 277 2016 lomonis
304 1951 343 2014 et
369 1931 453 2016 duo
480 1935 814 2016 Machabaeorum
841 1934 934 2014 libri
962 1934 1002 2011 iu
1031 1931 1170 2041 paucis
1198 1929 1437 2008 dissentiunt
1464 1958 1487 2007 a
1514 1930 1661 2008 nostris
1687 1931 1913 2037 impressis,

102 2058 290 2166 nihilque
318 2056 469 2138 habent
495 2059 540 2140 in
568 2058 814 2167 marginibus
841 2058 1033 2164 scriptum
1060 2083 1134 2136 nec
1165 2054 1413 2134 adnotatum.
1444 2055 1539 2134 Item
1568 2081 1618 2134 ex
1648 2082 1755 2136 novo
1783 2055 1917 2135 Testa-

103 2199 242 2263 mento
274 2183 478 2290 evangelia
508 2202 549 2264 et
577 2183 851 2291 apostolorum
882 2182 1069 2290 epistolae
1100 2181 1248 2260 nostris
1276 2179 1395 2260 etiam
1427 2177 1632 2260 codicibus
1659 2181 1702 2260 in
1730 2180 1918 2262 omnibus

104 2305 188 2386 fere
216 2307 495 2406 consentiunt,
520 2309 702 2416 nihilque
728 2309 879 2390 habent
900 2306 944 2386 in
967 2304 1210 2410 marginibus
1234 2305 1465 2411 ascriptum.
1493 2303 1653 2386 Habent
1681 2321 1812 2386 tamen
1840 2306 1919 2384 sin·

104 2431 200 2536 gula
228 2431 421 2540 quasdam
448 2431 713 2540 praefationes
739 2449 779 2512 et
805 2423 1037 2538 argumenta
1065 2431 1349 2539 capitulorum,
1377 2457 1481 2537 quae
1509 2456 1591 2508 uon
1619 2429 1771 2510 habent
1793 2433 1920 2512 nostri

106 2555 288 2652 codices,
306 2585 397 2638 cum
417 2558 566 2664 quibus
584 2557 698 2638 facile
715 2559 790 2638 erit
810 2556 991 2637 conferre
1010 2554 1186 2635 codicem
1205 2555 1460 2661 impressum3
1482 2570 1788 2661 correctumque
1806 2557 1919 2636 iuxta

105 2681 280 2762 litteram
306 2682 476 2788 gothici,
498 2681 550 2762 ad
572 2700 743 2762 vestram
767 2680 1041 2762 celsitudinem
1063 2681 1328 2760 transmittere
1351 2706 1441 2758 cum
1464 2679 1778 2788 praefationibus
1800 2697 1838 2760 et
1860 2709 1921 2760 ar·

105 2807 306 2912 gumentis
331 2807 625 2916 manuscriptis.
655 2807 881 2915 Supersunt
908 2808 1008 2886 Acta
1036 2804 1309 2912 apostolorum
1336 2821 1377 2884 et
1404 2805 1667 2912 Apocalypsis
1700 2805 1917 2906 Iohannis3

107 2931 286 3037 quaein
314 2929 516 3038 aliquibus
544 2931 801 3030 dissentiunt,
823 2933 864 3012 in
894 2931 1045 3039 quibus
1068 2929 1185 3010 etiam
1212 2929 1486 3036 praefiguntur
1514 2929 1775 3036 praefationes
1798 2947 1838 3010 et
1859 2959 1921 3010 ca·

105 3053 327 3160 pitulorum
350 3073 583 3159 argumenta
606 3054 872 3163 discrepantia
891 3083 914 3134 a
932 3055 1098 3150 nostris;
1124 3081 1247 3160 quae,
1270 3055 1302 3134 si
1321 3052 1373 3132 ad
1392 3053 1571 3134 codicem
1589 3055 1823 3163 impressum
1841 3055 1922 3136 col-

107 3177 209 3272 lata,
231 3179 439 3284 potuerint
461 3179 616 3288 absque
638 3182 724 3261 eius
745 3179 1022 3262 defoedatione
1041 3182 1084 3260 in
1106 3205 1155 3260 eo
1177 3178 1408 3276 transcribi,
1431 3195 1470 3260 et
1495 3178 1652 3260 demum
1677 3209 1758 3286 qua
1781 3198 1923 3286 potero

106 3301 305 3384 brevitate
332 3321 372 3386 et
398 3304 604 3413 diligentia
632 3333 908 3414 quaecumque
935 3307 1057 3388 habet
1088 3304 1218 3386 codex
1245 3305 1430 3408 gothicus
1460 3305 1725 3384 transmittere
1754 3304 1919 3386 curabo.

112 3425 254 3506 Valeat
279 3428 324 3508 in
351 3430 525 3514 Domino
551 3446 683 3512 vestra
709 3429 927 3525 celsitudo,
948 3431 1014 3509 cui
1036 3429 1259 3512 felicissima
1282 3429 1416 3508 omnia
1438 3455 1602 3534 precor,
1624 3429 1734 3508 tune
1756 3459 1801 3510 ac
1825 3431 1923 3510 Rrhe

109 3554 221 3646 Dirc,
246 3571 399 3633 vestrae
426 3553 653 3636 celsitudini
680 3553 969 3636 addictissimus
998 3553 1063 3637 Fr.
1088 3553 1307 3662 legionen.
1337 3553 1464 3661 Episc.
1484 3597 1540 3612 ·-·
1558 3553 1732 3658 Legione
1756 3551 1808 3630 V.
1833 3553 1924 3636 idus

110 3695 348 3784 septimun
376 3681 491 3784 1587.
512 3711 532 3756 n
552 3679 658 3760 Turn
685 3708 737 3762 ex
765 3681 922 3787 prolato
947 3680 1211 3774 documento,
1234 3694 1319 3758 tum
1342 3705 1391 3756 ex
1416 3677 1541 3783 ipsius
1567 3676 1717 3758 codicis
1743 3677 1926 3760 lectioni·

108 3799 186 3880 bus
214 3801 436 3908 colligimus
460 3802 571 3884 hunc
593 3831 679 3885 esse
706 3803 885 3886 codicem
914 3805 1118 3911 gothicum
1139 3829 1257 3912 quern
1283 3801 1500 3882 laudarunt
1521 3801 1657 3882 sixtini
1681 3822 1720 3884 et
1742 3804 1920 3886 Toletus.

110 3923 176 4004 Ad
201 3924 379 4004 eiusdem
398 3927 544 4008 calcem
562 3929 724 4035 legitur:
753 3931 1016 4038 Conscriptu's
1034 3946 1091 4009 cst
1115 3929 1181 4008 liic
1203 3929 1325 4008 codem
1348 3957 1376 4006 a
1399 3929 1557 4008 notario
1575 3929 1799 4010 Sanctione
1815 3959 1925 4039 prcc-

110 4049 236 4128 bitcro
260 4051 398 4132 XIII.
420 4051 618 4132 kalendas
645 4054 773 4136 iulias
800 4083 867 4134 ern
889 4053 1307 4136 DCCCCXXVIII.
1332 4053 1536 4134 obtinente
1559 4053 1732 4162 glorioso
1752 4085 1803 4136 oc
1828 4085 1926 4134 sere-

113 4174 285 4254 nissimo
306 4175 497 4282 principe
526 4177 708 4258 Ordonio
738 4182 857 4260 Oveto
883 4179 1073 4260 sublimis
1100 4178 1256 4287 apicem
1285 4179 1418 4284 regni,
1453 4177 1695 4286 consciaque
1720 4181 1807 4259 eius
1835 4181 1926 4259 Fre-

110 4295 305 4376 dcnnndo
325 4299 598 4380 Gundisalbiz
617 4304 792 4411 egregins
810 4333 939 4383 comer
961 4305 1004 4383 in
1033 4303 1215 4384 Castelln
1238 4303 1475 4384 comitatum
1496 4306 1660 4410 gerenti.
1686 4303 1815 4384 Aliam
1833 4304 1927 4384 huic

110 4419 198 4506 fere
221 4421 388 4504 similem
417 4424 717 4532 inscriptionem
744 4426 899 4533 profert
924 4425 1116 4508 Areralns
1144 4424 1282 4531 (Opp.
1311 4453 1341 4506 s.
1369 4425 1464 4506 lsid.
1485 4427 1543 4520 ll,
1572 4429 1636 4508 66.
1653 4429 1682 4532 ).
1712 4427 1929 4534 Hispanico

109 4573 204 4626 aera
224 4547 318 4654 928.
343 4545 562 4656 respondet
589 4577 697 4634 anno
725 4577 839 4634 aerae
866 4567 1027 4631 nostrae
1051 4551 1142 4658 890.
1167 4549 1317 4630 Verum
1346 4550 1378 4630 si
1406 4551 1706 4656 chronologiam
1726 4550 1928 4632 Ordonio-

113 4699 207 4750 rum
226 4669 463 4768 contuleris,
484 4673 554 4752 vix
573 4673 776 4758 dubitabis
800 4675 966 4784 aliquod
987 4675 1044 4756 ibi
1067 4672 1257 4756 mendum
1278 4675 1319 4752 in
1339 4675 1513 4754 numeris
1534 4674 1709 4756 subesse.
1732 4677 1833 4756 Nam
1853 4675 1931 4756 Or·

111 4793 264 4876 donius
289 4796 441 4904 primus
467 4797 605 4905 paullo
632 4802 839 4908 antiquior
865 4815 945 4898 est3
972 4799 1071 4880 alter
1097 4825 1194 4880 vero
1221 4815 1262 4880 et
1288 4799 1429 4878 tertius
1457 4799 1661 4906 aliquanto
1689 4803 1931 4882 recentiores

110 4919 192 5028 (cf.
214 4923 329 5002 L’art
348 4921 397 5000 dc
417 4924 570 5028 virisier
591 4925 646 5004 les
667 4925 822 5028 dates).
848 4924 985 5007 Codex
1011 4923 1249 5031 legionensis
1272 4924 1528 5032 quamplures
1551 4927 1722 5032 optimas
1743 4927 1932 5006 lectiones

111 5046 309 5144 servavit,
340 5073 441 5154 quas
471 5046 522 5126 ad
553 5050 825 5130 recensionem
858 5047 1065 5131 referimus
1096 5077 1217 5156 quam
1248 5049 1508 5158 hispanicam
1537 5047 1668 5130 dicere
1698 5079 1929 5158 possumus,

112 5195 321 5277 quamque
339 5172 513 5252 retinent
538 5171 631 5254 cod.
650 5171 684 5254 B
706 5201 829 5282 supra
856 5191 1116 5272 memoratus,
1138 5173 1293 5252 Missale
1318 5191 1357 5254 et
1380 5173 1621 5254 Breviarium
1649 5174 1831 5282 liturgiae
1849 5204 1933 5255 mo-

111 5293 339 5392 zarabicae,
361 5295 519 5403 aliaque
539 5297 730 5406 hispanae
748 5299 935 5380 ecclesiae
956 5316 1228 5380 monumenta.
1255 5298 1302 5378 In
1320 5297 1523 5405 prioribus
1542 5299 1800 5379 Pentateuchi
1822 5299 1933 5378 libris

113 5445 212 5497 raro
231 5417 409 5500 codicem
427 5419 696 5527 legionensem
715 5423 897 5504 conferre
914 5424 1138 5532 potuimus;
1166 5437 1205 5502 at
1222 5422 1265 5500 in
1285 5420 1396 5502 libris
1415 5419 1579 5502 Numer.
1601 5438 1641 5502 et
1664 5423 1827 5502 Denter.
1849 5421 1932 5529 ple·

112 5541 274 5622 niorem
300 5541 476 5624 eiusdem
503 5544 757 5626 collationem
783 5546 935 5627 damus.

225 5775 265 5840 (1)
282 5772 413 5848 intellige
433 5773 548 5834 aruum
570 5783 600 5834 et
619 5785 751 5850 quntum
773 5775 898 5846 nune,
918 5791 991 5850 qnos
1063 5794 1127 5838 mox
1145 5779 1361 5838 uanrmittenda
1378 5778 1528 5850 dicuntur,
1547 5793 1674 5852 quaeque
1691 5791 1769 5835 nunc
1786 5777 1815 5834 in
1835 5773 1932 5834 eodem

114 5859 294 5935 apocryphos
314 5859 447 5921 dicisum.
1064 5868 1160 5927 codice
1178 5869 1307 5929 vaticano
1325 5874 1407 5927 48⁵9.
1428 5875 1581 5928 serrantur.
1601 5869 1679 5926 Haec
1700 5872 1795 5925 autam
1818 5863 1935 5924 anubis

226 5953 265 6019 (a)
282 5951 318 6008 ut
338 5965 370 6009 re
385 5951 501 6026 quidem
519 5969 583 6014 vera
600 5955 691 6026 mirit3
704 5964 738 6015 ut
753 5964 782 6016 et
798 5955 907 6032 reliqua
924 5969 996 6030 quae
1066 5969 1119 6016 suo
1137 5955 1199 6014 loco
1218 5957 1402 6030 monentur.
