4804 6692
429 499 499 574 ill
1173 505 1492 584 aucmentum-

432 687 452 727 »
539 712 549 732 .
565 680 642 763 pro
660 654 837 735 minutiis
856 655 1042 738 habeant.
1065 689 1083 733 ι
1104 658 1371 742 Kennicottus
1388 660 1431 740 in
1448 659 1563 742 Dies.
1581 685 1712 770 gem.
1734 662 1770 763 S.
1794 661 1882 768 167.
1907 663 2135 744 «Emestus
2152 664 2229 744 ait:

431 812 451 851 n
474 780 526 857 In
557 777 669 858 libris
695 777 946 860 excutiendis
973 779 1103 878 niItiI,
1126 783 1310 890 quumvis
1337 802 1476 878 tenue,
1500 784 1683 892 quamvis
1709 783 1917 880 vitiosum,
1943 785 2230 894 ‚negligendum

431 919 541 982 nest.
568 900 688 983 Haud
715 902 822 984 euim
850 931 939 984 raro
964 903 1130 1002 accidit,
1152 925 1199 986 ut
1224 934 1310 986 non
1336 924 1489 987 servata
1518 934 1615 988 voce
1641 923 1746 1006 tota,
1770 925 1950 992 sumetur
1975 937 2092 990 verae
2117 911 2232 991 vocis

431 1025 750 1133 »fragmentum
770 1061 791 1104 s
812 1029 1367 1137 ChristophorusPalomares
1385 1030 1429 1109 in
1448 1029 1632 1138 Pmcfat.
1654 1030 1712 1110 ud
1728 1031 1815 1111 cod.
1834 1031 1945 1140 goth.
1966 1032 2077 1112 tolet.
2102 1067 2122 1108 u
2139 1035 2234 1114 Plu·

430 1183 450 1223 »
471 1150 592 1230 rimas
617 1151 806 1232 lectiones
830 1181 854 1232 a
877 1153 1050 1233 barbaro
1074 1152 1267 1262 scriptore
1289 1152 1496 1234 ctlatinae
1518 1155 1680 1263 linguae
1699 1181 1864 1262 prorsus
1889 1157 2028 1262 ignaro
2057 1158 2229 1256 vitiatas,

430 1274 809 1382 »quemadmodum
838 1277 1005 1385 scriptas
1032 1278 1185 1387 reperi,
1210 1276 1424 1386 exscripsi3
1456 1278 1552 1387 quia
1581 1279 1738 1386 saepius
1770 1305 1821 1358 ex
1849 1280 1909 1360 cis
1940 1281 2084 1360 coniici
2118 1281 2236 1364 facile

431 1431 450 1473 s
470 1417 602 1507 potest
628 1428 731 1508 quae
758 1402 853 1480 olim
880 1401 999 1481 fuerit
1020 1431 1122 1510 pura
1145 1419 1186 1482 et
1206 1429 1392 1510 germana
1414 1403 1546 1483 lectio.
1567 1435 1586 1478 s
1607 1403 1806 1484 Iohannes
1832 1403 1999 1483 Lahoius
2019 1405 2061 1483 in
2082 1408 2229 1512 Penes.

426 1522 485 1602 ud
507 1523 615 1603 Bibl.
638 1523 745 1603 teor.
768 1527 814 1605 V
810 1525 892 1604 icn.
914 1526 1029 1606 1806.
1045 1555 1144 1635 pag.
1165 1528 1349 1607 XXIII.
1373 1524 1452 1605 «si
1474 1525 1640 1606 lectores
1661 1527 1838 1634 quipiam
1861 1527 2046 1635 pluribus
2065 1531 2233 1610 varieta-

390 1697 394 1704 -
431 1683 451 1721 »
470 1664 556 1726 tum
583 1648 760 1728 minutiis
785 1647 1068 1744 offenduntur,
1090 1651 1286 1757 cogitent,
1307 1651 1509 1741 materiem
1536 1650 1714 1730 exercitii
1738 1652 1833 1760 artis
1855 1652 2016 1732 criticae
2044 1653 2232 1762 suppedi-

430 1804 449 1844 s
470 1771 649 1869 modam,
670 1770 843 1854 indolem
871 1771 1053 1853 codicum
1078 1788 1117 1852 et
1142 1774 1368 1854 versionum
1392 1771 1660 1880 prodendam,
1681 1790 1722 1853 et
1742 1773 1917 1882 denique
1938 1774 2231 1857 ostendendum

424 1929 448 1972 n
471 1925 636 2005 quoque
653 1897 772 1978 fuisse
790 1898 1000 2007 plerasque
1018 1899 1228 1978 varietates
1245 1924 1382 2005 reapse
1404 1923 1487 1978 non
1506 1924 1591 1978 esse
1611 1898 1687 1976 nisi
1706 1897 1910 1994 minutias,
1935 1898 2084 2007 quibus
2100 1916 2232 1980 textus

430 2056 448 2095 s
470 2023 630 2102 minime
657 2021 841 2102 redditur
862 2023 1037 2102 incertus
1061 2037 1132 2101 aut
1156 2037 1385 2130 suspectus,
1407 2021 1520 2129 quod
1544 2022 1668 2102 vereri
1691 2022 1904 2129 quospiam
1927 2023 2077 2102 tirones
2096 2023 2231 2104 obscr-

430 2148 573 2228 avari.
595 2206 604 2224 .
626 2207 636 2226 .
656 2207 666 2226 .
689 2147 854 2228 Accedit
880 2141 1058 2244 demum,
1083 2144 1197 2254 quod
1225 2174 1308 2225 non
1336 2173 1428 2226 raro
1454 2143 1578 2242 illud,
1604 2142 1715 2254 quod
1743 2145 1816 2225 tibi
1843 2145 1948 2240 leve,
1976 2146 2056 2224 imo
2084 2147 2231 2226 levissi-

393 2358 397 2366 ¹
428 2305 448 2346 n
469 2300 578 2352 mum
598 2272 775 2366 videtur,
794 2271 907 2352 alteri
928 2269 1111 2350 videatur
1133 2295 1215 2349 esse
1237 2268 1530 2376 gravissimum,
1551 2285 1598 2348 ut
1617 2269 1658 2347 in
1677 2267 1905 2348 huiusmodi
1925 2269 2140 2354 lectionum
2161 2300 2231 2351 ¹va·

428 2430 447 2470 »
468 2397 655 2493 ciantium
676 2395 831 2476 delectu
849 2395 938 2490 vix,
955 2423 1001 2474 ac
1020 2422 1071 2473 ne
1089 2393 1155 2472 vix
1175 2391 1340 2502 quidem
1359 2392 1545 2474 omnibus
1563 2392 1742 2474 satisfieri
1760 2395 1897 2502 possit.
1915 2426 1936 2470 a
1953 2393 2063 2494 Quid
2083 2395 2231 2475 multa?

424 2520 568 2602 Nonne
596 2519 772 2602 eamdem
799 2521 1031 2600 sententiani
1059 2516 1273 2626 amplexati
1302 2533 1398 2597 sunt
1425 2535 1631 2626 quotquot
1657 2545 1680 2598 e
1706 2543 1750 2598 re
1776 2517 1914 2598 critica
1942 2545 2075 2600 sacros
2105 2519 2231 2600 libros

422 2645 483 2725 vel
508 2645 699 2753 profanos
720 2641 1014 2724 excoluerunt?
1035 2643 1084 2721 Et
1106 2639 1290 2750 quidem,
1311 2657 1356 2720 ut
1373 2639 1425 2722 de
1442 2640 1580 2721 Bibliis
1597 2657 1754 2722 tantum
1772 2642 2004 2752 loquamur,
2026 2643 2067 2721 in
2092 2671 2228 2752 prorn-

421 2787 496 2878 ptu
518 2785 614 2849 sunt
633 2769 822 2849 lectiones
839 2767 1015 2848 hebraici
1038 2782 1170 2848 textus
1193 2794 1295 2873 quas
1318 2781 1409 2873 post
1426 2764 1702 2848 Beniaminum
1719 2767 2009 2848 Kenuicottum
2027 2767 2229 2850 lohannes

421 2894 647 2976 Bernardus
675 2894 866 2974 De·llossi
894 2892 1114 2998 congessit3
1144 2890 1334 2972 lectiones
1359 2888 1609 2970 alexandrini
1637 2891 1865 2998 interpretis
1892 2919 1993 2998 quas
2019 2919 2231 2973 coacerva-

421 3035 518 3110 runt
539 3019 738 3100 Robertus
752 3017 988 3097 .Holmesius
1006 3033 1045 3096 et
1061 3015 1231 3097 Iacobus
1258 3015 1513 3116 Parsonsius3
1534 3014 1722 3096 lectiones
1745 3015 1865 3096 Italae
1883 3032 1925 3096 et
1941 3015 2103 3124 Vulgati
2127 3045 2228 3127 quas

421 3147 561 3224 Petrus
578 3139 837 3240 Sabatierius,
854 3141 1048 3248 Iosephus
1064 3139 1343 3238 Blanchinius,
1359 3140 1539 3248 Angelus
1558 3139 1684 3220 Maius
1702 3140 1849 3248 aliique
1867 3138 2093 3222 ediderunt.
2116 3141 2227 3242 Quid

420 3267 595 3348 dicemus
618 3265 670 3347 de
692 3266 795 3346 Novi
813 3262 1056 3346 Testamenti
1078 3282 1211 3364 textu,
1232 3291 1355 3373 quem
1377 3264 1576 3344 innumeri
1599 3266 1853 3373 scriptoresa
1871 3266 2087 3347 laurentio
2112 3266 2226 3346 Valla

419 3410 459 3472 et
484 3392 662 3484 Iohanne
684 3391 810 3470 Millio
829 3388 880 3470 ad
899 3389 1205 3470 Constantinum
1223 3387 1589 3494 Tischendorfium,
1609 3388 1849 3496 Tregellium
1868 3406 1909 3470 et
1926 3390 2225 3472 lachmannum

419 3519 537 3599 variis
554 3516 793 3598 lectionibus
812 3542 938 3624 paene
957 3511 1214 3594 obruerunt?
1236 3512 1382 3620 Nonne
1400 3510 1622 3592 uberrimos
1640 3511 1734 3593 inde
1752 3512 1905 3594 fructus
1922 3513 2068 3594 cruditi
2088 3541 2226 3594 omnes

419 3641 595 3722 fatentur
620 3638 841 3721 exstitisse?
863 3641 916 3718 At
935 3636 987 3718 de
1010 3638 1071 3718 his
1098 3637 1191 3717 satis
1217 3663 1431 3746 superque.
1461 3635 1554 3716 Non
1576 3637 1682 3716 enim
1706 3639 1875 3718 aliorum
1903 3637 2135 3746 suffragium
2158 3665 2226 3718 ex·

418 3782 627 3874 torquere,
648 3791 723 3845 nec
745 3765 892 3844 invitos
914 3759 963 3842 ad
985 3761 1197 3870 legendum
1218 3790 1360 3873 cogere
1383 3762 1583 3842 volumus:
1608 3765 1711 3872 quin
1733 3765 1852 3843 immo
1875 3779 2053 3843 nostrum
2075 3764 2225 3844 librum

419 3891 469 3970 ab
496 3890 641 3970 horum
663 3889 847 3969 manibus
869 3904 990 3998 atquc
1015 3886 1066 3994 ab
1091 3887 1217 3970 oculis
1244 3878 1440 3968 remotum
1460 3914 1545 3968 esse
1567 3884 1736 3965 maxime
1758 3899 1965 3992 optamus;
1992 3881 2116 3991 idque
2140 3911 2225 3963 non

317 4096 319 4100 Α
418 4043 466 4096 eo
493 4014 606 4123 quod
632 4014 792 4093 illorum
818 4011 1042 4093 doctrinam
1064 4039 1322 4122 aspernemur
1344 4009 1479 4121 (quod
1508 4009 1655 4114 absit),
1677 4005 1747 4089 sed
1770 4008 1865 4117 quia
1886 4033 2069 4090 veremur
2094 4035 2143 4088 ne
2167 4009 2225 4088 rei

417 4139 575 4222 criticae
601 4138 777 4246 imperiti
799 4138 919 4218 variis
939 4138 1178 4219 lectionibus
1200 4143 1408 4246 perperam
1431 4152 1616 4233 utantur,
1637 4132 1750 4244 quod
1775 4159 1907 4242 quam⁴
1922 4131 2062 4214 sedulo
2084 4159 2226 4213 caven-

417 4263 512 4343 dum
536 4265 588 4342 sit
608 4262 828 4370 prudenter
853 4261 991 4343 docuit
1013 4259 1203 4342 De·Rossi
1224 4260 1267 4340 in
1294 4261 1375 4340 suis
1398 4259 1519 4338 curiis
1543 4259 1647 4338 lectt.
1670 4275 1765 4338 tom.
1792 4259 1869 4338 IV.
1890 4286 1985 4366 pag.
2007 4257 2115 4336 XX.
2232 4305 2233 4312 κ

525 4389 759 4496 Antequam
778 4388 926 4486 fontes,
948 4387 1096 4495 quihus
1123 4386 1184 4464 usi
1211 4413 1367 4480 sumus,
1389 4384 1631 4492 aperiamus,
1653 4409 1758 4492 quae
1780 4395 1977 4492 postrema
2000 4407 2048 4462 ex
2073 4409 2224 4489 propo-

417 4514 501 4592 sitis
526 4513 711 4620 partibus
739 4529 820 4607 est,
841 4511 1051 4619 aequitatis
1073 4511 1175 4590 ratio
1202 4508 1368 4589 omnino
1391 4510 1568 4617 postulat
1592 4525 1638 4588 ut
1661 4537 1764 4616 quac
1787 4505 2037 4615 Ungarellius
2064 4533 2225 4586 enarra-

364 4647 366 4654 ’
417 4656 482 4716 tor
503 4635 825 4742 diligentissimus
847 4653 1056 4744 paraverat
1081 4635 1143 4716 sui
1167 4635 1301 4743 operis
1327 4635 1628 4742 prolegomena,
1650 4662 1673 4712 a
1698 4633 1816 4714 nobis
1836 4632 1926 4712 heic
1952 4632 2106 4737 integra
2128 4630 2224 4712 sub·

416 4762 627 4860 iioiantur3
657 4759 780 4868 idque
803 4788 856 4839 co
883 4759 1072 4840 libentius
1098 4775 1365 4869 praestamus,
1396 4757 1508 4869 quod
1534 4757 1671 4838 eadem
1700 4785 1865 4864 prorsus
1893 4756 2110 4838 necessaria
2139 4781 2224 4834 esse

414 4884 604 4966 videntur
635 4884 686 4965 ad
718 4883 1017 4993 percipiendam
1048 4881 1448 4994 cognoscendumque
1483 4882 1654 4962 universi
1688 4882 1814 4962 nostri
1847 4880 1980 4988 operis
2012 4879 2220 4960 rationem.

414 5010 549 5109 Quum
572 5027 712 5106 tamen
731 5010 926 5090 nonnulla
948 5025 1163 5092 occurrant
1180 5035 1284 5117 quae
1301 5005 1486 5087 addenda
1503 5023 1574 5086 aut
1591 5004 1818 5114 castiganda
1843 5007 1927 5084 visa
1950 5019 2063 5096 suut,
2085 5002 2223 5084 eadem

415 5125 494 5214 nrmw
514 5159 590 5240 pro
611 5153 771 5214 renata
792 5135 835 5213 in
854 5134 1042 5214 subiectis
1065 5133 1214 5213 notulis
1234 5132 1465 5240 supplemus
1490 5139 1564 5210 aut
1585 5127 1855 5214 emendamus.
1880 5128 1975 5230 Quo
1998 5128 2038 5208 in
2063 5127 2224 5234 negotio

413 5255 464 5338 ita
490 5259 637 5339 versari
660 5259 918 5354 conabimur,
941 5275 984 5338 ut
1008 5285 1140 5364 neque
1165 5254 1301 5336 debito
1324 5254 1520 5362 obsequio
1548 5281 1639 5362 erga
1659 5271 1966 5364 praeruptorum¹
1984 5253 2120 5360 (cuius
2145 5279 2226 5334 mea

366 5401 376 5434 ²
413 5383 577 5464 moriam
604 5400 716 5490 grato
744 5384 877 5464 animo
905 5381 1243 5492 prosequimur),
1277 5405 1409 5486 neque
1437 5378 1611 5481 veritatis
1640 5376 1918 5486 adaequandae
1948 5377 2106 5472 studia,
2138 5405 2222 5486 quo

412 5508 529 5587 unice
557 5505 968 5602 ducimundefeeisse
995 5504 1216 5586 videamur.
1242 5505 1366 5584 Immo
1395 5501 1445 5582 de
1474 5505 1659 5585 universo
1686 5503 1763 5583 hoc
1790 5520 1929 5584 nostro
1954 5529 2076 5610 opere
2102 5501 2220 5582 semel

411 5633 611 5712 monuisse
638 5631 829 5711 sufficiat:
857 5629 954 5710 dum
981 5630 1149 5710 aliorum
1177 5655 1331 5709 errores
1359 5626 1704 5736 reprehendimus,
1731 5641 1889 5706 nostros
1916 5627 1968 5706 ab
1995 5626 2080 5705 aliis
2107 5626 2222 5705 casti-

411 5757 493 5863 gari
522 5784 606 5836 non
634 5753 754 5835 modo
780 5778 913 5862 aequo
941 5755 1074 5834 animo
1102 5754 1297 5852 feremus,
1327 5751 1397 5833 sed
1424 5769 1464 5833 et
1491 5749 1767 5861 percupimus:
1798 5750 1852 5831 ita
1880 5768 2011 5838 tamen
2045 5777 2096 5832 ne
2128 5749 2222 5858 quis

411 5882 545 5988 pravis
569 5877 712 5960 studiis
738 5879 888 5960 moveri
917 5875 1117 5984 videatur,
1145 5876 1294 5986 quihus
1314 5904 1396 5958 ‚nos
1424 5904 1581 5958 vacuos·
1597 5874 1717 5956 fuisse
1743 5903 1957 5983 speramus.
