4830 6678
898 501 1215 584 rmtroonrna
1858 489 1962 584 ‘rur

164 649 239 748 fex,
257 650 400 760 quanti
425 651 691 762 manuscripta
709 682 732 734 a
748 653 1048 739 lovaniensibus
1065 659 1203 756 citata,
1225 675 1365 740 contra
1385 683 1430 738 ac
1453 656 1631 739 instituta
1650 657 1702 740 ab
1719 684 1769 740 eo
1784 661 1961 769 Congre-

163 775 259 883 gatio
285 778 548 884 praestiterat.
576 779 774 860 Persensit
801 782 878 862 boc
906 799 1047 862 auctor
1072 783 1115 862 in
1143 785 1250 864 bisce
1277 786 1398 864 rebus
1425 784 1711 866 versatissimus
1735 785 1963 868 Alexander

162 897 334 998 Geddes,
355 901 449 982 alibi
467 931 494 984 a
515 903 636 984 nobis
658 903 862 1001 laudatus,
885 904 956 1014 qni
978 905 1154 986 breviter
1174 933 1287 986 suarn
1310 908 1365 986 sic
1385 907 1543 1014 aperuit
1562 907 1815 990 sententiam:
1842 910 1965 989 Prior

161 1021 302 1131 (editio
328 1053 472 1135 nempe
499 1025 599 1108 Sixti
624 1027 706 1133 V.)
727 1029 830 1138 plue
856 1030 1055 1138 antiquae
1084 1033 1128 1110 V
1126 1031 1290 1142 ulgotoe
1317 1032 1482 1110 retinere
1509 1031 1683 1112 uidetur:
1709 1031 1856 1114 meiius
1883 1035 1962 1116 ilio

138 1149 523 1258 ‚monuscrqrtorunt
550 1152 790 1232 auctoritate
815 1153 1000 1258 suffulto
1027 1155 1097 1260 (p.
1123 1155 1221 1259 64.)
1246 1155 1317 1261 (t).
1347 1155 1408 1237 Cf.
1435 1157 1522 1238 lob.
1540 1156 1739 1238 Bernardi
1771 1159 1960 1239 De-Rossi

160 1273 491 1380 Ditquisitionem
518 1273 803 1371 elonedticum,
828 1307 919 1386 cop.
941 1280 981 1374 A.
1005 1278 1239 1387 Sequuntur
1263 1281 1327 1360 alii
1350 1280 1433 1361 duo
1459 1309 1633 1362 canones
1661 1282 1796 1363 critica
1818 1300 1858 1363 et
1885 1283 1961 1392 ipsi

157 1397 409 1477 instrumenta
435 1399 707 1507 respicientes:
732 1400 804 1478 IV.
830 1399 928 1482 «Ad
955 1429 1178 1512 germanam
1203 1403 1418 1486 editionem
1447 1405 1820 1506 constabiliendum,
1846 1435 1962 1516 prae·

161 1519 336 1602 »sidium
365 1523 495 1604 sicubi
522 1521 796 1620 desideratur,
826 1543 911 1605 tum
946 1543 1175 1607 sanctorum
1208 1546 1366 1636 patrum
1400 1547 1660 1638 veterumque
1687 1531 1961 1640 expositorum

161 1645 493 1743 emanationes,
526 1649 675 1756 quibus
700 1647 856 1730 diversa
888 1648 1180 1760 scripturarum
1206 1651 1293 1732 loca
1322 1670 1361 1731 ct
1382 1653 1506 1734 libros
1532 1654 1805 1751 illustrarunt,
1831 1655 1960 1736 subsi-

160 1768 260 1849 sdio
287 1786 425 1851 sunto.
447 1803 466 1846 u
488 1770 539 1850 V.
565 1774 650 1852 «ln
679 1773 744 1870 iis,
772 1799 877 1882 quae
904 1801 1039 1881 neque
1067 1773 1269 1872 codicum,
1295 1803 1428 1886 neque
1456 1776 1667 1858 doctorum
1693 1805 1836 1887 magna
1864 1808 1960 1860 con-

159 1895 377 1976 »sensione
398 1897 492 1975 satis
512 1897 664 1976 munita
686 1895 894 1996 videntur,
916 1897 965 1979 ad
989 1897 1250 1978 hebraeorum
1273 1927 1587 2010 graecorumque
1605 1904 1843 2014 exemplaria
1863 1901 1963 1986 con?

157 2017 427 2126 »fugiendum
455 2037 536 2117 est,
563 2048 645 2101 non
674 2047 723 2100 eo
751 2035 907 2115 tamen,
936 2036 981 2099 ut
1006 2018 1103 2100 inde
1130 2021 1240 2102 latini
1271 2024 1499 2131 interpretis
1527 2043 1656 2106 errata
1683 2028 1956 2136 corrigantur,

157 2142 259 2224 used
293 2160 337 2222 ut
364 2145 407 2224 in
434 2171 572 2226 eorum
600 2145 815 2226 verborum
841 2143 994 2240 locum,
1016 2172 1120 2252 quae
1143 2173 1234 2224 com
1261 2148 1368 2254 apud
1393 2149 1537 2229 latinos
1567 2150 1752 2258 ambigna
1777 2153 1873 2249 sint,
1902 2151 1960 2232 fa·

156 2268 263 2348 scile
283 2287 450 2377 possent
471 2297 554 2380 quo
573 2299 656 2351 non
676 2284 863 2379 oporteat
881 2267 1049 2366 inflecti,
1072 2285 1224 2349 certum
1249 2269 1422 2378 aliquid,
1443 2289 1563 2380 atque
1585 2272 1858 2356 indubitatum
1878 2274 1959 2355 sof-

154 2393 368 2490 eliciam,
393 2396 475 2474 sive
498 2411 563 2492 ut,
586 2393 699 2504 quod
723 2392 831 2503 apud
855 2419 949 2491 nos,
969 2395 1215 2475 variantibus
1238 2394 1465 2493 codicibus,
1488 2399 1737 2496 inconstans,
1758 2399 1958 2480 diversum

154 2544 234 2599 »ac
260 2519 472 2627 multiplex
499 2536 579 2615 est,
606 2517 648 2598 id
676 2519 898 2615 uniforme,
921 2545 1169 2618 consonum,
1195 2521 1397 2628 uniusque
1425 2520 1551 2619 modi,
1579 2526 1758 2632 ipsorum
1788 2522 1958 2604 fontium

154 2642 356 2722 »veritate
385 2659 618 2752 perspecta,
648 2642 861 2722 sanciatur.
889 2675 908 2716 n
940 2643 1048 2723 Haec
1079 2643 1200 2723 fontis
1232 2639 1407 2724 adeundi
1439 2647 1539 2726 ratio
1573 2663 1663 2755 post
1698 2647 1774 2727 alia
1809 2650 1959 2728 instru-

150 2783 295 2863 menta,
317 2767 419 2846 adeo
441 2767 572 2874 primo
593 2767 738 2847 canoni
762 2766 968 2862 cohaeret,
990 2784 1037 2846 nt
1059 2765 1239 2875 prudens
1260 2791 1377 2847 nemo
1396 2768 1597 2848 Pontificio
1618 2769 1851 2878 sapientiam
1875 2797 1958 2852 non

149 2885 330 2968 admirari
357 2906 494 2998 queat.
532 2889 623 2968 Non
651 2892 744 2970 satis
771 2889 867 2968 hinc
894 2889 1134 2969 sixtinorurn
1166 2889 1281 2970 labor
1308 2909 1494 3000 acceptus
1521 2893 1648 2974 eidem
1677 2919 1761 2974 esse
1789 2893 1954 2988 debuit,

149 3037 320 3119 quorum
345 3014 471 3122 prima
496 3014 560 3093 lex
582 3014 679 3110 fuit,
700 3011 933 3092 hebraicum
957 3028 1109 3094 textum
1135 3014 1271 3122 sequi,
1292 3032 1572 3126 praeterquam
1596 3017 1638 3095 in
1660 3017 1817 3096 casibus
1839 3043 1960 3126 supe·

148 3136 223 3217 rius
244 3137 475 3247 descriptis:
499 3139 668 3219 vicissim
688 3165 813 3246 porro
836 3137 892 3216 illi
913 3139 987 3217 viri
1009 3138 1200 3244 graviter,
1223 3137 1364 3236 credo,
1386 3140 1567 3221 tulerunt
1588 3141 1778 3249 proprios
1801 3139 1958 3223 labores

148 3277 218 3341 tam
245 3264 366 3371 parvi
393 3263 532 3344 factos.
563 3264 617 3342 At
643 3261 697 3343 de
724 3264 803 3343 hoc
830 3262 991 3342 alterius
1021 3261 1100 3344 loci
1135 3261 1212 3342 erit
1240 3263 1459 3370 inquirere.
1492 3263 1614 3366 Quod
1648 3291 1758 3344 nunc
1790 3265 1954 3361 attinet,

145 3385 269 3469 Sixtus
288 3386 648 3497 reprehendendus
673 3385 871 3483 nonfuit,
893 3388 949 3485 si,
976 3404 1019 3467 ut
1046 3388 1102 3466 ait
1127 3386 1342 3493 Bultentop
1369 3388 1468 3493 (op.
1495 3386 1563 3464 cit.
1589 3413 1631 3493 p.
1660 3385 1784 3488 316.)
1809 3387 1959 3496 absque

147 3514 319 3593 notabili
351 3541 512 3594 menrsu
543 3511 608 3594 od·
629 3528 763 3592 textus
796 3513 1018 3621 originales
1048 3539 1160 3592 suam
1191 3509 1403 3592 adornavit
1442 3507 1775 3590 emendationem.
1815 3509 1957 3620 Neque

146 3637 305 3718 omnino
330 3635 600 3744 expetendum
626 3652 710 3718 erat
737 3654 783 3717 ut
806 3635 859 3716 ad
888 3637 1138 3736 hebraicum,
1163 3639 1258 3718 sive·
1273 3636 1322 3717 ad
1350 3661 1533 3744 graccum
1561 3635 1712 3716 fontem
1739 3638 1957 3744 respective

144 3761 316 3870 singulae
339 3763 596 3871 exigerentur
622 3762 812 3842 lectiones
840 3763 1095 3862 adamussirn3
1117 3791 1291 3872 namque
1320 3789 1369 3841 ex
1396 3760 1699 3860 convenientia,
1721 3760 1783 3839 vel
1809 3759 1957 3842 discre-

143 3887 272 3990 pantia
300 3886 548 3992 singularum
578 3886 772 3992 Vulgatae
799 3886 1013 3966 lectionum
1042 3915 1132 3966 cum
1160 3886 1367 3968 hodiernis
1396 3887 1570 3967 textibus
1598 3884 1825 3967 earumdem
1854 3887 1956 3972 inte.-

143 4011 338 4116 gritatem,
361 4011 722 4119 antiquitatemquc
745 4037 913 4120 arguere
938 4028 1238 4120 praeposterum
1267 4011 1567 4120 absurdumque
1583 4009 1705 4090 ¹foret.
1728 4010 1798 4089 Vl.
1825 4009 1959 4090 «Sana

146 4153 339 4218 actorum
366 4154 525 4244 patrum
555 4133 807 4216 consuetudo
836 4134 1017 4244 religiose
1046 4134 1250 4245 sequenda
1278 4155 1357 4232 est,
1382 4153 1428 4217 ut
1452 4136 1497 4216 in
1524 4135 1572 4214 iis
1594 4161 1703 4243 quae
1730 4133 1839 4246 apud
1869 4135 1954 4215 lati·

145 4288 253 4342 rnos
276 4261 398 4342 nimis
418 4261 601 4368 ambigue
624 4259 751 4360 dicta,
772 4287 844 4341 seu
862 4260 1010 4340 variata
1034 4260 1255 4356 habentur,
1278 4260 1507 4355 hebraicae,
1529 4285 1774 4367 graecaeque
1796 4259 1956 4366 linguae

144 4385 275 4466 »fides
308 4401 352 4468 et
382 4385 539 4467 codices
566 4385 850 4492 inspiciantur,
874 4383 942 4464 sed
971 4411 1022 4465 nc
1050 4383 1090 4465 id
1118 4386 1305 4465 licentius
1334 4385 1421 4480 liat,
1449 4412 1568 4492 quam
1591 4411 1765 4492 aequum
1790 4399 1868 4481 est,
1890 4413 1954 4465 so·

144 4511 254 4594 »lere
274 4511 410 4594 cautio
432 4507 693 4608 adhibeatur3
719 4509 811 4592 licet
834 4510 940 4589 enim
968 4511 1100 4590 multis
1127 4508 1311 4590 videatur
1337 4509 1487 4590 latinus
1515 4507 1715 4617 interpres
1742 4504 1962 4618 plerasque'

143 4637 299 4720 »huius
322 4637 512 4720 editionis
533 4664 652 4718 voces
674 4665 719 4717 ac
744 4637 969 4718 locutiones
991 4637 1173 4745 proprie,
1200 4653 1270 4716 ant
1296 4635 1515 4740 eleganter,
1538 4651 1609 4714 aut
1635 4634 1866 4742 perspicue,
1885 4653 1956 4714 aut

142 4762 373 4860 »breviten
398 4780 471 4844 aut
496 4765 659 4872 copiose
688 4765 829 4872 magis,
859 4777 929 4844 aut
956 4777 1160 4868 tamquam
1189 4760 1320 4839 verbis
1349 4757 1400 4840 ad
1429 4757 1552 4838 verba
1580 4757 1775 4838 dernensis
1801 4775 1955 4839 vertere
2090 4844 2092 4848 ,

141 4888 380 4994 »potuissc3
406 4905 579 4968 attamen
607 4887 656 4969 de
682 4889 744 4967 his
767 4891 920 4968 minuta
946 4887 1110 4966 nimium
1135 4902 1175 4966 et
1197 4901 1364 4993 angusta
1393 4885 1637 4964 concertatio
1663 4881 1844 4982 videtur;
1871 4911 1955 4963 om·

141 5011 360 5119 »uinoque
378 5012 620 5118 antiquioris
640 5013 826 5094 ecclesiae
850 5013 989 5118 religio
1012 5027 1321 5116 sanctorumque
1345 5025 1506 5117 patrum
1528 5009 1742 5086 auctoritas
1764 5023 1823 5086 est
1843 5026 1954 5088 ante·

141 5133 357 5214 »ferenda
379 5169 398 5210 u
419 5134 509 5214 Vll.
535 5135 801 5218 «Nonnullae
823 5136 1062 5232 sententiae,
1085 5162 1188 5244 quae
1213 5132 1375 5214 aliunde
1397 5133 1629 5230 accersitae,
1652 5131 1846 5241 ¹Vulgatae
1871 5133 1954 5212 edi·

139 5260 275 5339 »ttoni
304 5260 567 5368 interpositae
594 5279 706 5358 sunt,
732 5289 866 5370 neque
886 5263 929 5341 in
955 5261 1130 5368 antiquis
1158 5259 1474 5367 exemplaribus,
1501 5285 1635 5364 neque
1657 5257 1699 5335 in
1720 5273 1953 5338 sanctorum

139 5401 337 5492 »patrum
366 5386 656 5465 commentariis
682 5388 968 5484 inveniuntur,
997 5403 1091 5465 sunt
1120 5375 1328 5465 delendae.
1350 5413 1369 5457 u
1391 5383 1501 5462 Vlll.
1534 5383 1775 5481 «Quoniam
1806 5409 1858 5462 ex
1888 5409 1952 5460 va-

48 5543 49 5592 3
140 5511 261 5606 rriis,
289 5537 399 5618 quae
425 5509 618 5592 hactenus
644 5511 695 5592 ad
723 5513 940 5616 marginem
968 5507 1142 5592 adscribi
1166 5526 1459 5589 consueverant
1486 5507 1727 5588 lectionibus
1755 5503 1951 5586 nonnulla

233 5745 272 5808 (t)
292 5738 433 5798 laudatis
452 5742 488 5800 ab
505 5741 670 5817 Uogarcltio
689 5741 779 5800 verbis
796 5740 871 5798 idem
892 5738 1004 5798 Getides
1078 5763 1092 5790 ι
1112 5741 1167 5812 sit,
1190 5739 1292 5798 ultima
1314 5747 1389 5798 certe
1410 5739 1587 5810 correctior,
1611 5746 1640 5796 et
1662 5736 1798 5794 hodierno
1822 5731 1952 5791 hebraico

136 5832 329 5898 praemiserat:
343 5829 482 5904 «Quodsi
495 5831 614 5890 duarum
630 5833 731 5890 barum
745 5831 901 5889 editionum
910 5833 1008 5901 (nean
1081 5851 1101 5879 u·
1116 5831 1201 5888 termi
1221 5831 1312 5904 magis
1332 5829 1514 5904 respondeus.
1529 5855 1541 5879 ι»
1556 5831 1648 5886 immo
1666 5826 1785 5899 saeptos
1796 5822 1887 5881 cidem
1909 5821 1952 5879 fa-

48 5913 49 5976 }
137 5935 199 5992 »pe
218 5923 358 5978 statinae
381 5926 411 5978 et
433 5923 649 5990 clementinae)
673 5921 863 5982 deliniendum
888 5919 1009 5994 pretium
1081 5927 1148 5978 vent
1164 5933 1276 5994 quoque
1295 5920 1467 5993 antiquiores
1486 5918 1568 5978 latini
1585 5915 1666 5976 codd.

330 6019 415 6094 Tora.
437 6021 464 6092 l.
1736 6012 1760 6112 s
