4726 6678
488 451 557 526 361
1161 445 1378 524 Luvltlcus
1403 445 1496 524 GAP.
1520 448 1604 526 xvl.

486 602 561 690 all,
577 598 668 676 Beda
685 597 725 684 v,
743 597 826 670 266.
840 651 848 682 ,
864 594 1029 672 llednllus
1049 594 1107 670 boo
1125 595 1236 684 cobis,-
1251 597 1341 672 conl.
1425 601 1596 696 (secunde
1620 627 1743 684 manus
1763 603 1900 704 scripsit
1918 605 2035 703 poio),
2050 606 2096 694 C,
2111 609 2153 695 D,
2168 610 2207 698 ll,
2221 613 2255 701 G,

486 719 529 795 ed
554 743 643 792 vers.
666 717 727 791 29.
749 715 813 788 Pro
836 727 873 786 ut
898 712 1012 797 metis,
1033 710 1109 786 cod.
1128 713 1154 784 B
1175 727 1207 786 et
1230 716 1340 788 oretis.
1421 717 1465 805 ll,
1482 717 1521 804 ll,
1538 719 1576 806 Τ,
1594 718 1635 806 U,
1650 718 1689 808 v,
1705 718 1784 795 Ces.
1798 721 1874 808 26,
1890 721 2074 811 hadulfum
2089 727 2257 823 gregotim

484 837 559 909 llos
578 833 655 910 cod.
672 831 751 907 Cas.
768 833 804 903 1.
821 844 909 906 tacet
926 829 1064 904 sumtis.
1086 830 1150 903 Pro
1170 849 1345 929 praesepe·
1421 847 1534 906 autem
1550 832 1763 924 dubitat-unu
1779 837 1879 912 codd.
1898 839 1936 926 P,
1951 839 2030 914 Ges.
2043 841 2079 914 2.
2090 844 2185 940 poesi
2199 849 2254 942 poi.

482 966 556 1036 rat,
580 949 657 1025 cod.
682 948 912 1048 hproeoepit.
937 948 1001 1024 Pro
1027 947 1185 1020 Docimo
1209 945 1339 1048 Moysi,
1471 951 1506 1022 6.
1528 950 1795 1028 ideo—Codll
1815 955 1862 1027 Et
1880 955 2061 1042 idem-cod.
2078 958 2106 1033 ll
2124 960 2256 1060 [deoque.

484 1065 649 1142 liedulfus
670 1066 845 1150 Dominis,
861 1062 1004 1163 Moyses.
1420 1065 1483 1138 Pro
1501 1064 1665 1139 secerdoti
1684 1068 1799 1165 offerre
1817 1069 1949 1156 debent,
1966 1071 2102 1161 sixtini,
2117 1075 2211 1149 codd.
2225 1079 2255 1164 1,

531 1181 618 1281 Gap.
636 1181 743 1269 llllll,
764 1181 800 1254 1.
823 1179 869 1252 m
894 1179 1018 1252 locutus
1035 1219 1084 1256 -ε
1100 1177 1209 1254 (lodd.
1230 1179 1275 1267 ll,
1295 1178 1339 1265 ll,
1419 1180 1458 1269 C,
1474 1181 1517 1268 D,
1534 1182 1578 1268 E,
1595 1183 1631 1271 F,
1650 1181 1693 1270 G,
1709 1183 1758 1272 Η,
1775 1185 1816 1272 S,
1831 1186 1870 1272 Τ,
1888 1187 1929 1274 ΙΙ,
1946 1187 1984 1274 ΙΙ,
2000 1187 2189 1265 Amalsrius
2206 1192 2256 1278 CV,

483 1297 643 1372 Thomas.
661 1296 694 1384 l,
716 1297 776 1369 32.
791 1295 947 1380 boeotum
968 1292 1048 1367 item
1068 1320 1241 1368 armenus.
1262 1293 1343 1368 Post
1423 1299 1545 1384 1127,
1563 1297 1776 1398 Hesychius,
1793 1301 1969 1389 Rnbnnun,
1986 1303 2152 1380 hadulfus
2165 1309 2259 1406 offerre

481 1413 623 1488 verbum
641 1412 751 1486 dicens
769 1409 893 1485 codK
913 1409 948 1485 in
970 1423 1096 1482 textum
1116 1409 1259 1490 intrudit
1277 1408 1342 1484 hoo
1420 1412 1536 1486 debent
1557 1414 1732 1490 secerdoti.
1754 1417 1829 1491 blox
1848 1417 1965 1492 sixtini
1984 1421 2258 1500 consentientibus
2317 1491 2318 1496 ,

482 1527 655 1632 scholion:
673 1528 724 1604 ‚Ut
747 1527 876 1601 nullom
900 1526 1027 1600 animal
1052 1525 1220 1600 occidutur
1243 1527 1343 1600 etiem
1418 1529 1535 1618 codd,
1554 1529 1649 1618 edd,
1667 1547 1700 1606 et
1721 1532 1916 1608 auctoribus
1940 1535 2114 1610 universis
2134 1538 2259 1638 scripse

482 1644 528 1718 ed
550 1643 758 1728 vescendum,
779 1644 849 1718 oiri
871 1657 946 1718 note
971 1642 1089 1718 ostium
1114 1642 1319 1716 tabernaculi
1327 1669 1355 1728 ,··
1418 1661 1497 1719 runt
1515 1644 1665 1719 meidoot
1683 1673 1745 1745 pro
1763 1647 1924 1736 occident,-
1942 1649 2026 1726 heec
2044 1653 2138 1726 enim
2155 1669 2259 1754 postre

481 1761 539 1836 sed
556 1761 613 1833 loe
630 1776 757 1836 tantum
773 1761 809 1832 io
827 1785 931 1833 eremo
946 1771 1157 1857 praeceptum
1171 1771 1231 1831 est.
1249 1757 1341 1831 llaec
1417 1785 1474 1834 ma
1492 1759 1593 1836 lectio
1612 1787 1653 1835 ex
1673 1763 1878 1862 typographi
1899 1765 2023 1838 mendo
2045 1770 2106 1862 (nt
2124 1767 2255 1864 ridetur)

482 1893 593 1954 eutem
613 1876 719 1952 verba
739 1875 783 1950 ab
804 1873 961 1974 imperito
981 1869 1180 1948 amanuensi
1207 1900 1227 1947 e
1252 1899 1342 1946 mer·
1416 1877 1588 1952 exciderat
1611 1877 1645 1952 in
1667 1878 1788 1954 Bibliis
1810 1907 1831 1955 a
1851 1882 1941 1956 Luca
1959 1884 2128 1982 brugensi
2152 1886 2257 1960 curetis

480 1995 561 2093 gine
585 1995 622 2066 in
649 2009 774 2068 textum
805 1990 899 2068 illata
929 1991 1055 2078 luisse,
1085 1990 1341 2068 evidentissima
1416 1992 1621 2093 hntuerpiae
1646 1997 1750 2068 1511.
1767 2011 1802 2070 ot
1825 1999 2100 2100 1583.,quibns
2119 1999 2172 2076 usi
2195 2019 2258 2074 sunt

481 2133 536 2184 res
557 2123 622 2184 est.
642 2106 775 2208 Duplex
795 2133 943 2207 namque
965 2105 1042 2180 heic
1067 2105 1215 2180 instabat
1236 2131 1341 2206 quae-
1416 2109 1546 2182 romeni
1572 2135 1744 2184 censores.
1767 2111 1810 2185 ht
1831 2139 1938 2212 quum
1964 2115 2102 2203 Sixtus,
2127 2116 2258 2214 neglecta

481 2224 567 2312 stio;
583 2223 743 2302 nimirum
762 2224 812 2297 1⁰.
827 2238 941 2298 utrum
959 2224 1071 2298 hloses
1089 2222 1341 2324 loquaturuni·
1416 2223 1476 2298 illa
1503 2226 1731 2315 correctione,
1760 2255 1895 2303 rursum
1920 2229 2089 2305 edidisset
2113 2232 2255 2318 coedent,-

480 2342 605 2419 rersim
635 2342 679 2416 de
708 2340 1140 2418 animaliummactatione
1170 2340 1207 2412 in
1238 2365 1339 2414 usum
1415 2365 1590 2441 quumque
1616 2341 1702 2416 nihil
1727 2342 1772 2416 ed
1799 2343 1892 2420 hunc
1912 2344 2028 2420 locum
2057 2347 2259 2422 adnotassent

480 2483 617 2559 quoquc
633 2458 819 2558 privatum
835 2456 889 2532 rel
907 2457 1019 2556 potius
1038 2456 1082 2530 de
1099 2455 1251 2534 victimis,
1265 2455 1340 2528 uni·
1414 2457 1605 2557 gregoriani
1624 2471 1659 2533 ct
1676 2457 1886 2550 clementini,
1899 2462 2023 2537 eadem
2041 2462 2144 2538 lectio
2161 2487 2258 2538 neces·

479 2600 518 2648 ce
540 2575 612 2650 Deo
639 2599 698 2674 per
716 2573 910 2649 sacerdotes
935 2570 1130 2648 offerendis.
1148 2574 1198 2646 2⁰.
1219 2572 1337 2645 Utrum
1415 2572 1507 2648 serio
1533 2574 1570 2646 in
1600 2573 1812 2649 clementinis
1838 2575 2046 2652 editionibus
2074 2579 2257 2679 transcripta

480 2689 565 2764 hoec
590 2689 644 2764 lex
663 2716 725 2790 pro
750 2715 790 2764 eo
809 2703 942 2764 tanturn
965 2702 1205 2786 temporeque
1230 2687 1340 2760 lsrae-
1414 2688 1488 2763 tuit.
1513 2690 1576 2763 Pro
1596 2691 1857 2790 sanctificentur,
1879 2692 1956 2767 cod.
1975 2695 2256 2793 sangermanensis

478 2806 559 2880 litae
584 2805 723 2881 incertis
753 2804 894 2880 sedibus
921 2830 981 2904 per
1006 2804 1141 2878 deserta
1165 2801 1338 2901 vagaban-
1415 2805 1450 2876 3.
1463 2805 1555 2903 apud
1568 2806 2023 2909 blertianeeumsoerificont;
2039 2811 2156 2886 cod.G
2172 2813 2256 2884 romi

479 2937 533 2997 tur
551 2922 620 2996 lata
638 2921 757 3010 luerit;
772 2948 817 2996 an
838 2920 925 3022 ipsis
943 2919 1113 2994 servande
1132 2920 1217 2994 loret
1235 2919 1337 2993 etiam
1412 2921 1538 3020 ficetur.
1555 2923 1618 2996 Pro
1638 2937 1670 2996 et
1689 2925 1871 3009 immolent,
1887 2925 2009 3000 sodli
2030 2942 2070 3000 ot
2091 2929 2252 3001 immolent.

479 3055 557 3140 poet
577 3038 679 3111 liram
700 3037 735 3110 in
755 3037 947 3112 Palaestine
965 3035 1095 3111 sedern.
1112 3035 1210 3110 Circa
1229 3035 1339 3135 dupli·
1465 3042 1499 3112 6.
1520 3065 1619 3138 super
1642 3040 1749 3113 altore
1765 3083 1815 3096 ·-
1832 3041 2026 3143 hesychius
2058 3044 2123 3117 sub
2153 3043 2253 3117 altem

477 3179 551 3230 cem
569 3153 660 3227 hano
673 3153 910 3253 quaestionem
926 3178 994 3226 non
1015 3178 1084 3228 uno
1102 3153 1167 3227 luit
1184 3169 1334 3226 veterum
1414 3155 1477 3228 Pro
1501 3154 1650 3241 Domini,
1670 3155 1748 3230 cod.
1770 3156 1795 3228 F
1818 3157 1970 3231 Domino.
1989 3159 2052 3232 Pro
2072 3159 2118 3232 od
2137 3159 2253 3241 ostium,

478 3271 664 3358 sententia,
684 3287 785 3372 prout
806 3270 923 3346 ridere
943 3287 996 3345 est
1019 3267 1111 3370 apud
1132 3268 1332 3344 Calmetum.
1413 3269 1491 3344 eod.
1514 3270 1558 3358 A,
1588 3270 1802 3373 Hesychius,
1831 3273 1990 3348 Rehanus
2016 3289 2047 3347 et
2073 3275 2120 3348 nd
2142 3276 2254 3348 ostium.

476 3387 731 3463 Recentiorihus
743 3402 855 3461 autern
865 3387 1088 3486 scriptoribus
1101 3385 1229 3460 laudati
1239 3385 1338 3462 scho-
1412 3386 1499 3460 Ante
1517 3386 1803 3462 mutherodt
1824 3404 1911 3465 tecet
1928 3405 1972 3464 et.
1989 3391 2066 3466 lior
2086 3391 2162 3467 cod.
2177 3391 2201 3464 E
2219 3405 2255 3462 tt·

475 3501 596 3578 liastae
622 3502 854 3603 interpretatio
873 3503 943 3576 lere
968 3502 1140 3602 probetur.
1158 3501 1254 3576 (loni.
1270 3502 1336 3577 llo-
1412 3517 1465 3575 cet
1485 3503 1638 3576 Domino.

475 3618 672 3694 senmulleri
691 3619 802 3692 Sobel.
819 3621 855 3694 in
879 3619 911 3692 b.
930 3620 954 3692 l.
1462 3621 1497 3692 8.
1518 3618 1564 3691 ΕΙ
1581 3619 1625 3690 od
1645 3619 1732 3716 ipsos
1749 3619 2101 3722 dicer-Hesychius
2121 3623 2166 3697 ΕΙ
2184 3621 2255 3692 ‹li'ces

526 3736 562 3806 2.
582 3732 865 3808 Aaron-Codd.
883 3733 926 3822 G,
942 3734 1043 3808 ratic.
1059 3733 1152 3834 apud
1171 3734 1331 3810 Thomas.
1412 3733 1458 3806 ad
1482 3736 1583 3832 ipsos.
1609 3734 1689 3809 Post
1713 3735 1817 3808 Homo
1842 3736 1918 3810 eod.
1941 3735 2019 3811 Ges.
2045 3743 2079 3811 1.
2103 3755 2138 3814 et
2158 3760 2255 3834 mergo

475 3849 500 3922 l.
516 3873 547 3924 c.
568 3848 613 3922 cd
632 3850 758 3936 dorem
779 3847 859 3922 item
880 3847 1107 3936 Ambrosius,
1121 3850 1335 3923 eonsentien-
1411 3848 1495 3924 Ord.
1507 3849 1637 3923 addunt
1649 3851 1842 3952 quicumque
1849 3879 1860 3937 ;
1874 3851 1970 3925 hehr.
1980 3852 2062 3950 legit
2079 3856 2155 3930 urs
2171 3855 2250 3938 urs,

476 3966 567 4040 tibus
593 3966 739 4042 hebraeo
763 3979 798 4041 et
821 3989 955 4065 graeco.
978 3969 1042 4042 Pro
1066 3966 1178 4040 dicens
1197 3965 1242 4041 od
1263 3993 1330 4055 eos,
1411 3966 1449 4039 it.
1462 3991 1618 4064 graecus.
1635 3967 1699 4039 Pro
1714 3965 1754 4039 de
1773 3967 1883 4053 domc,
1899 3967 1999 4042 codd.
2011 3969 2049 4055 L,
2067 3971 2108 4058 ll,
2123 3969 2196 4044 cas.
2210 3969 2250 4053 1.,

476 4083 610 4172 sixtini,
627 4082 780 4172 coddh,
796 4085 834 4170 B,
851 4083 890 4171 C,
905 4084 948 4172 l),
964 4084 1001 4168 P,
1018 4083 1057 4172 G,
1074 4083 1118 4171 Η,
1134 4083 1169 4171 S,
1185 4084 1223 4172 Τ,
1240 4085 1281 4172 ΙΙ,
1293 4084 1332 4171 ll,
1410 4082 1593 4156 bihlllen.
1612 4085 1737 4171 1116,
1753 4083 1853 4182 1165,
1869 4084 2073 4183 posteriores
2093 4086 2169 4160 edd.
2181 4084 2249 4158 lleb.

476 4199 554 4275 (las.
575 4202 654 4289 l8.,
670 4199 830 4274 Thomas.
847 4199 942 4288 l.'c.,
960 4199 1047 4274 Bihl.
1065 4198 1207 4288 ordin,
1224 4200 1336 4300 ilesy-
1411 4199 1551 4298 Steph,
1577 4199 1658 4287 all,
1682 4200 1896 4302 Hesychius,
1920 4199 2082 4276 Rahenus
2107 4202 2146 4274 de
2167 4201 2251 4300 filim·

475 4315 595 4405 chius,
620 4317 800 4405 llahanus,
826 4315 991 4392 hadulfus
1019 4331 1050 4388 et
1074 4316 1162 4389 dices
1191 4315 1237 4390 ed
1261 4341 1333 4403 eos,·
1410 4315 1626 4389 consontiunt
1645 4341 1803 4413 graecus,
1819 4315 1939 4404 arabs,
1960 4316 2036 4390 eod.
2056 4319 2139 4391 stt.
2155 4316 2252 4390 denos

474 4429 563 4506 nlius
584 4431 660 4506 cod.
674 4431 767 4531 apud
786 4431 946 4506 Thomas.
962 4431 988 4505 l.
1001 4456 1032 4506 c.
1048 4447 1079 4504 et
1098 4430 1185 4506 dices
1203 4434 1267 4520 eie,·
1282 4458 1336 4508 ao
1411 4429 1530 4504 sisnus
1555 4446 1589 4505 et
1613 4445 1682 4506 tres
1707 4429 1807 4505 codd.
1828 4429 2005 4506 Onkelosi.
2027 4431 2111 4506 Cod.
2135 4433 2159 4504 Τ
2181 4441 2252 4503 tecet

475 4547 601 4624 cedunt
634 4548 730 4622 hebr.
756 4564 790 4624 et
817 4563 898 4623 rett.
928 4550 1007 4623 Post
1036 4549 1196 4622 Dominus
1229 4547 1329 4622 codd.
1410 4545 1501 4646 epod
1521 4573 1596 4633 oos,·
1616 4545 2012 4621 el.adrors.10.Cod.
2034 4549 2062 4620 ll
2088 4548 2175 4647 opud
2193 4569 2250 4626 eos·

475 4663 500 4736 L
526 4665 560 4737 1.
580 4680 692 4738 tacent
712 4663 838 4749 dicens,
859 4663 908 4737 uti
935 4662 1011 4737 cod.
1034 4665 1117 4736 678.
1139 4663 1333 4738 Kennicotti
1411 4664 1492 4737 item
1512 4663 1625 4752 hebr,
1642 4677 1677 4737 et
1695 4663 1786 4738 coni.
1802 4663 1977 4738 De-Rossi
2000 4664 2096 4737 Varr.
2112 4666 2204 4738 lectt.

473 4793 508 4852 et
528 4779 642 4854 srahs.
1460 4783 1496 4853 b.
1519 4781 1695 4854 testimonii
1701 4779 1858 4853 -Codd
1870 4779 1908 4865 G,
1926 4779 2005 4853 Ges.
2019 4782 2053 4852 2.
2067 4794 2185 4854 tacent.
2202 4779 2251 4848 Pro

525 4896 559 4966 3.
583 4895 695 4968 bouem
717 4909 776 4968 eut
800 4921 891 4970 ovem
907 4939 956 4952 --
972 4894 1059 4969 Bihl.
1079 4893 1221 4984 ordin,
1243 4894 1334 4970 Beda
1410 4896 1583 4993 offeratur,
1600 4894 1701 4970 codd.
1719 4896 1743 4968 L
1766 4897 1822 4984 3.,
1844 4895 1890 4983 0,
1907 4893 1985 4969 Ces.
2004 4898 2060 4984 3.,
2082 4895 2166 4969 Bihl.
2180 4893 2247 4965 Ven.

474 5011 524 5098 ll,
542 5012 626 5084 362.
644 5037 734 5084 ocem
752 5026 811 5086 ortt
831 5012 958 5097 bovem·
978 5011 1057 5085 item
1079 5035 1193 5109 georg.
1209 5026 1244 5084 et
1265 5037 1333 5085 non
1412 5014 1537 5098 1116,
1553 5011 1651 5110 hog,
1668 4998 1799 5112 priores
1819 5009 1898 5084 edd.
1911 5010 1995 5084 Iloh.
2012 5011 2145 5110 Steph,
2159 5007 2211 5082 nll.
2224 5021 2251 5078 et

474 5125 573 5227 penei
596 5128 708 5225 graeci
729 5127 882 5216 codices,
903 5127 1098 5228 Hesychius
1118 5144 1152 5201 et
1172 5126 1333 5201 llnhanus
1409 5153 1528 5226 margo
1544 5125 1665 5202 Ordin.
1679 5127 1813 5226 offeram
1827 5153 1916 5226 quoe
1932 5126 2070 5226 quidem
2086 5125 2179 5200 lectio
2195 5145 2250 5194 ne

474 5241 584 5318 bouem
604 5258 747 5317 tantum.
1408 5242 1464 5341 gis
1484 5257 1712 5316 consentanee
1728 5241 1862 5316 videtur
1881 5241 1979 5316 hebr.
1992 5259 2028 5316 et
2041 5258 2122 5317 vett.
2141 5241 2198 5312 Pro
2212 5237 2249 5308 io·

523 5362 557 5432 1.
580 5358 981 5435 tobermtesli--llodll
1006 5376 1040 5446 et
1067 5385 1182 5459 margo
1208 5358 1328 5434 Ordin.
1410 5357 1673 5441 oritis-'code
1694 5355 1831 5457 peribit.
1851 5357 1927 5430 hlox'
1949 5355 2069 5432 endu
2091 5371 2174 5430 tecet
2188 5375 2244 5425 suo.

470 5475 604 5551 addunt
629 5477 821 5563 testimonii·
841 5475 880 5550 it.
897 5475 1108 5574 Augustinus
1128 5501 1205 5548 oum
1231 5475 1328 5549 hebr.
1459 5476 1517 5547 lb.
1539 5474 1678 5574 quilibet
1698 5473 1737 5546 de
1757 5473 2007 5548 domo—cod.
2025 5475 2050 5544 B
2071 5472 2200 5573 quilibet
2217 5465 2247 5537 de

471 5608 505 5666 et
528 5591 691 5691 reliquis,
720 5605 859 5692 excepto
884 5591 961 5665 eod.
991 5593 1073 5665 189.
1098 5590 1242 5664 Kennic.
1269 5592 1332 5665 Pro
1405 5591 1545 5692 populo;
1561 5591 1606 5666 ol.
1622 5590 1799 5665 De-llossi
1822 5589 1916 5664 Poe-r.
1933 5589 2056 5675 Leott.;
2070 5587 2145 5664 eod.
2160 5584 2187 5660 0
2205 5605 2247 5656 ec·

471 5709 645 5806 seopuim's
658 5705 956 5792 reuserit,'cod.h
973 5731 1048 5778 rem
1064 5707 1126 5778 erit
1142 5707 1328 5805 respuistis.
1407 5721 1523 5782 curate
1549 5721 1659 5780 notet:
1679 5705 1837 5792 «Quater
1861 5719 1914 5779 est
1940 5704 1996 5778 hie
2024 5705 2133 5788 bosom·
2155 5698 2245 5799 prim⁰

473 5823 553 5898 Post
570 5825 669 5924 possi
685 5835 797 5898 tacent
815 5825 850 5898 si
867 5822 1000 5912 sixtini,
1016 5822 1115 5898 codd.
1129 5821 1170 5910 A,
1187 5822 1213 5893 B
1236 5828 1268 5897 1.
1281 5847 1327 5895 m.
1411 5839 1478 5897 >tet
1497 5823 1594 5899 tertio
1614 5827 1668 5922 (t.
1688 5825 1723 5896 3.
1739 5838 1773 5896 et
1794 5824 1874 5918 tt.)
1899 5821 2042 5898 dicitur:
2060 5821 2147 5893 home
2164 5809 2245 5914 peili·
