4750 6694
465 509 653 582 txxxvnt
1141 509 1384 586 aestuatus
1411 511 1599 587 tttttttctts

465 688 533 740 eos
553 662 708 740 nullum
731 660 916 741 habuisse
936 660 1114 742 codicem
1133 662 1266 742 seculo
1288 664 1359 742 IX.
1381 663 1668 769 antiquiorem:
1696 681 1736 743 at
1753 661 1902 744 laudati
1925 661 2096 744 editores
2116 665 2200 744 11011Ι
2218 693 2277 746 sa·

466 787 517 864 tis
537 801 674 892 aperte
700 783 846 864 docent
869 812 990 892 quem
1014 787 1262 892 potissimum
1284 813 1335 866 ex
1358 786 1433 865 illis
1454 787 1620 895 ¹sequuti
1644 787 1746 889 sint;
1774 787 1893 866 immo
1920 784 2166 894 quandoque
2188 784 2277 868 nul·

466 908 547 986 lum
576 905 776 1003 codicem,
797 907 867 987 sed
894 910 1094 1014 vulgatam
1118 909 1254 1017 potius
1277 910 1550 1006 clementinam
1575 907 1791 990 editionem
1815 911 1923 1018 ipsos
1946 926 2114 990 sectatos
2136 909 2275 1006 fuisse,
2373 989 2374 992 .

467 1047 552 1109 tum
572 1058 621 1110 ex
643 1059 782 1110 eorum
800 1032 925 1126 notis,
947 1050 1051 1128 tum,
1072 1033 1135 1112 vel
1154 1033 1249 1140 ipsis
1268 1030 1510 1127 tacentibus,
1532 1031 1693 1112 aliunde
1712 1061 1787 1112 nos
1805 1032 2141 1141 deprehendimus
2159 1049 2278 1140 atque
2373 1039 2374 1046 '

467 1154 799 1234 demonstramus.
826 1155 1095 1234 Nihilominus
1122 1155 1226 1234 hanc
1257 1155 1471 1234 editionem
1500 1155 1848 1261 magnifacimus,
1878 1156 2045 1262 eiusque
2071 1157 2198 1234 varias
2226 1155 2278 1235 le·
2373 1167 2374 1200 l

467 1279 621 1358 stiones
649 1279 854 1356 universas
877 1280 1111 1377 excitamus;
1137 1296 1384 1386 compertum
1411 1279 1516 1358 enim
1542 1281 1733 1359 habemus
1756 1279 1931 1386 egregias
1954 1284 2120 1360 omnino
2143 1279 2280 1359 lectio-

372 1482 376 1488 ,
468 1430 566 1480 1111111
593 1403 802 1480 varietates
830 1430 878 1480 ex
906 1404 1067 1511 optimis
1094 1401 1300 1483 codicibus
1327 1421 1532 1510 excerptas
1558 1401 1705 1482 ibidem
1732 1402 1937 1509 repositas
1953 1420 2205 1510 esse3atque
2237 1404 2279 1482 in

468 1524 695 1604 universum
716 1525 915 1606 laudatam
934 1525 1150 1607 editionem
1166 1529 1382 1606 immunem
1401 1555 1485 1606 esse
1502 1555 1526 1607 a
1544 1527 1872 1633 corruptionibus
1893 1553 1993 1634 quas
2014 1526 2166 1607 librarii
2186 1545 2278 1635 post

469 1648 668 1729 decimum
694 1651 872 1728 seculum
897 1652 1151 1732 invexerunt.
1179 1651 1320 1759 Neque
1342 1650 1577 1758 negligimus
1600 1667 1716 1730 notas
1739 1648 1973 1756 marginales
1996 1650 2138 1729 veteris
2162 1651 2279 1730 scho-

469 1773 603 1853 liastae
629 1801 679 1854 ex
705 1774 882 1881 antiquis
908 1773 1114 1854 codicibus
1141 1804 1163 1855 a
1191 1777 1380 1855 maurinis
1407 1775 1620 1872 derivatas;
1647 1801 1782 1881 neque
1809 1773 2154 1880 praetermittimus
2180 1774 2278 1854 alio·

469 1925 558 1976 rum
581 1895 765 1976 codicum
788 1897 976 1977 lectiones
998 1925 1020 1977 a
1042 1898 1286 1978 Martianaeo
1312 1900 1354 1977 in
1375 1900 1457 1977 suis
1478 1897 1750 1977 notationibus
1769 1897 1971 1976 excitatas.
1995 1894 2142 1995 Quoad
2164 1923 2281 1976 vero·

469 2022 602 2101 nensis
629 2020 815 2100 editionis
833 2038 1009 2116 textum,
1031 2023 1064 2100 si
1091 2022 1227 2130 plures
1245 2021 1408 2102 mendas
1426 2050 1449 2100 a
1469 2021 1734 2128 typographis
1757 2017 1912 2099 additas
1932 2020 2129 2127 excipias,
2151 2047 2279 2100 unum

470 2143 657 2252 idemque
684 2173 768 2225 esse
795 2175 885 2226 cum
912 2147 1140 2254 parisiensi,
1166 2145 1303 2224 saltem
1331 2143 1467 2253 quoad
1495 2143 1827 2235 Pentateuchum,
1857 2139 2026 2221 fidenter
2053 2143 2278 2222 asserimus.

399 2349 400 2352 .
471 2270 621 2348 Paucas
648 2286 801 2348 tantum
832 2287 944 2349 notas
969 2270 1114 2350 adiecit
1139 2269 1378 2365 Vallarsius,
1406 2269 1556 2376 quibus
1582 2284 1667 2345 tum
1693 2266 1884 2344 lectiones
1912 2279 2102 2346 memorat
2128 2265 2283 2346 selectis

471 2394 514 2472 in
537 2394 634 2473 locis
660 2411 864 2501 excerptas
883 2423 931 2473 ex
951 2393 1112 2474 duobus
1134 2396 1363 2502 praesertim
1386 2393 1576 2473 vaticanis
1598 2389 1805 2471 codicibus
1829 2391 1998 2496 (nempe
2023 2417 2074 2470 cx
2100 2390 2282 2471 Palatino

473 2543 584 2595 num.
607 2517 645 2595 3.
672 2535 712 2595 et
736 2517 928 2597 Urbinate
954 2545 1065 2596 num.
1097 2545 1155 2614 1.,
1177 2519 1249 2625 qui
1275 2517 1411 2598 seculo
1433 2517 1486 2614 X.
1508 2516 1755 2622 antiquiores
1777 2540 1863 2592 nou
1885 2515 2024 2618 sunt);
2047 2530 2133 2594 tum
2157 2515 2283 2595 lecto·

471 2668 556 2720 rem
579 2658 715 2720 monet
733 2639 784 2719 de
803 2641 1080 2736 varietatibus,
1107 2669 1212 2748 quae
1234 2640 1511 2719 clementinam
1530 2639 1633 2718 inter
1651 2654 1690 2717 et
1709 2637 1930 2716 maurinam
1954 2635 2174 2718 Bibliorum
2197 2639 2284 2718 edi-

472 2764 624 2843 tionem
650 2780 883 2843 occurrunt.
910 2765 1002 2862 Qua
1025 2765 1067 2842 in
1090 2790 1134 2844 re
1157 2781 1307 2870 quanta
1334 2763 1453 2841 fuerit
1478 2761 1664 2840 Vallarsii
1687 2759 1925 2866 negligentia
1951 2785 2000 2840 es
2026 2761 2171 2840 nostris
2196 2763 2284 2841 ani·

473 2885 815 2966 madversionibus
842 2887 1052 2967 constabit.
1079 2886 1197 2967 Conf.
1223 2885 1274 2966 ad
1301 2891 1399 2966 Gen.
1424 2884 1616 2978 XXVlll,
1648 2885 1709 2964 13.
1732 2885 1797 2964 ab.
1825 2885 1943 2963 Deut.
1970 2885 2030 2982 X,
2059 2911 2099 2992 9.
2121 2900 2161 2964 et
2185 2885 2284 2965 alibi

473 3011 710 3119 saepissime.
736 3012 918 3090 Ceterum
947 3039 1020 3118 per
1046 3010 1216 3090 litteram
1240 3011 1279 3089 H
1303 3010 1514 3090 lectionem
1537 3037 1560 3087 a
1585 3007 1775 3087 maurinis
1798 3003 1943 3086 editam
1970 3007 2193 3107 innuimus;
2222 3037 2286 3090 re·

473 3136 606 3242 liquos
631 3151 763 3214 autem
790 3136 947 3216 codices
973 3163 997 3214 a
1024 3135 1267 3215 lllartianaeo
1294 3153 1336 3214 et
1362 3134 1556 3214 Vallarsio
1586 3150 1912 3212 commemoratos
1939 3131 2021 3210 suis
2049 3135 2286 3216 nominibus

475 3257 758 3365 compellamus
785 3275 906 3365 atque
932 3258 1185 3366 proferimus.

581 3410 621 3488 9.
647 3379 748 3460 Cod.
771 3382 803 3460 l.
825 3383 935 3461 Haec
951 3382 1081 3462 littera
1100 3381 1264 3463 denotat
1286 3382 1465 3463 codicem
1483 3381 1702 3462 Bibliorum
1726 3379 1890 3460 membr.
1914 3407 1990 3462 sec.
2012 3381 2145 3477 ΧΙΙΙ.,
2166 3381 2288 3462 0111111

474 3505 600 3584 varias
625 3504 817 3584 lectiones
839 3505 999 3586 selectas
1022 3505 1147 3586 edidit
1168 3505 1335 3586 Carolus
1357 3506 1463 3586 Lud.
1484 3506 1657 3585 Baverus
1683 3505 1726 3584 in
1753 3505 1963 3612 repertorio
1992 3505 2111 3585 litter.
2133 3507 2283 3586 oriem.

474 3628 737 3725 Eicbbornii,
763 3645 860 3710 tom.
880 3633 1036 3711 XVII.
1052 3659 1099 3738 p.
1128 3628 1502 3738 192.elseqq.;de
1529 3656 1614 3738 quo
1642 3626 1734 3708 vide
1760 3629 1814 3707 sis
1840 3626 2047 3708 editorem.

489 3822 493 3830 .
588 3779 648 3832 to.
677 3750 778 3832 Cod.
806 3753 861 3829 K.
890 3753 1156 3861 Perantiquus
1184 3755 1249 3833 hic
1275 3771 1335 3833 est
1361 3753 1581 3834 Bibliorum
1608 3749 1736 3837 codex
1763 3751 1982 3832 membran.
2013 3752 2057 3831 in
2087 3752 2129 3846 4.
2160 3754 2286 3850 mai,

475 3876 606 3958 tribus
632 3877 850 3973 columnis,
879 3877 1122 3984 minutisque
1148 3877 1290 3957 litteris
1317 3894 1523 3973 exaratus,
1555 3877 1627 3982 qui
1654 3874 1694 3952 in
1723 3875 1964 3955 monasterio
1990 3901 2043 3954 ss.
2071 3873 2289 3958 tnniutis

475 4001 604 4084 Carae
623 3999 733 4107 apud
749 3998 958 4079 Salernum
977 3999 1215 4080 custoditur.
1237 4001 1331 4080 Eius
1348 4000 1622 4109 apographum
1641 4003 1749 4079 iussn
1769 3999 1913 4078 leonis
1930 3999 2022 4078 Xll.
2038 4001 2155 4078 Pont.
2171 3998 2287 4079 Max.

474 4124 761 4204 accuratissime
784 4122 1027 4231 descriptum
1049 4125 1092 4203 in
1115 4126 1335 4205 vaticanam
1353 4123 1636 4220 bibliothecam
1657 4122 1823 4202 inlatum
1846 4138 1926 4219 est,
1947 4122 2088 4231 ibique
2109 4149 2291 4229 praeno·

473 4265 600 4328 tatum
627 4275 737 4326 num.
761 4247 879 4351 8484.
910 4249 968 4328 De
994 4248 1062 4327 illo
1087 4248 1204 4356 plura
1230 4248 1387 4329 dabunt
1409 4248 1547 4328 Abbas
1568 4251 1627 4328 lle
1651 4252 1785 4329 Rozan
1805 4251 1873 4329 sui
1896 4249 2031 4328 libris
2054 4275 2149 4327 mss.
2172 4247 2289 4328 detta

474 4371 685 4450 biblioteca
711 4371 822 4448 dello
847 4398 902 4448 ss.
934 4374 975 4451 T
969 4370 1097 4450 rioitd
1124 4372 1170 4450 di
1198 4373 1330 4468 Cava,
1363 4375 1522 4483 Napoli
1554 4376 1668 4456 1822.
1695 4403 1794 4483 pag.
1825 4373 1961 4483 79-84.
1992 4388 2033 4452 et
2065 4371 2288 4468 118148,

474 4493 592 4576 Card.
614 4492 822 4573 Wiseman
843 4495 1014 4574 Annali
1039 4493 1143 4575 delle
1167 4498 1322 4576 scienze
1343 4499 1541 4606 religiose,
1569 4499 1698 4578 Rorno
1726 4497 1841 4578 1836.
1857 4527 1905 4605 p.
1925 4498 2021 4593 406.Ι
2042 4512 2081 4576 et
2103 4493 2290 4604 denique

474 4615 594 4700 Card.
616 4617 744 4696 Maius
764 4618 930 4726 Scriptt.
954 4637 1040 4700 vett.
1062 4637 1159 4699 tom.
1182 4619 1222 4702 3.
1238 4639 1357 4729 porte
1378 4649 1416 4701 a.
1436 4652 1482 4730 p.
1511 4625 1622 4718 165„
1641 4622 1821 4731 spicileg.
1843 4647 1943 4700 rom.
1966 4637 2063 4700 tom.
2085 4647 2126 4728 9.
2144 4623 2286 4728 praef.

470 4769 517 4847 p.
538 4741 746 4835 XXIII„
772 4769 872 4820 nova
894 4759 1063 4848 potrum
1092 4743 1276 4822 biblioth.
1298 4762 1395 4822 tom.
1423 4772 1456 4823 1.
1480 4761 1598 4852 parte
1620 4773 1658 4824 a.
1680 4775 1727 4854 p.
1753 4773 1815 4852 7.‚
1839 4745 1912 4854 qui
1939 4771 2146 4825 cavensem
2173 4743 2292 4824 codi-

474 4891 558 4942 cem
586 4861 637 4942 ad
656 4863 746 4941 Vll.
770 4863 831 4942 vel
856 4863 966 4948 Vlll.
989 4866 1165 4946 seculum
1187 4868 1387 4973 pertinere
1413 4867 1705 4948 existimarunt.
1730 4868 1883 4947 Textus
1905 4868 2026 4948 huius
2047 4865 2222 4962 codicis,
2245 4868 2294 4946 in

474 5013 558 5092 quo
579 4986 636 5063 nil
659 5012 708 5064 ex
729 4983 1116 5068 deutero-canonicis
1139 4987 1251 5068 libris
1275 4987 1544 5087 desideratur,
1566 4991 1806 5097 singularem
1824 5019 1989 5099 prorsus
2012 4991 2292 5072 recensionem

474 5109 665 5189 exhibere
692 5107 863 5189 videtur.
892 5117 935 5190 ln
964 5113 1092 5192 tribus
1114 5111 1315 5220 prioribus
1343 5115 1599 5194 Pentateuchi
1622 5115 1733 5196 libris
1757 5116 1842 5195 illas
1864 5131 2017 5195 tantum
2041 5141 2090 5195 ex
2113 5114 2193 5194 hoc
2219 5143 2294 5195 oo·

474 5231 563 5314 dice
589 5233 778 5314 lectiones
798 5237 1058 5342 protulimus,
1079 5264 1181 5344 quas
1198 5238 1372 5341 lgnatius
1391 5239 1505 5317 Rossi
1523 5237 1648 5320 abbas
1665 5239 1899 5320 cassinensis
1921 5238 2129 5320 adnotavit
2150 5236 2195 5317 in
2218 5265 2294 5318 co·

474 5356 564 5438 dice
591 5359 773 5438 vaticano
799 5359 944 5456 8485.;
967 5376 1006 5438 at
1029 5388 1155 5467 quum
1178 5357 1272 5440 dein
1298 5360 1528 5441 huiusmodi
1556 5379 1740 5472 excerpta
1762 5363 1946 5444 tenuiora
1969 5388 2052 5443 esse
2075 5363 2295 5466 cognovis-

473 5508 622 5577 semus,
648 5482 778 5588 ipsum
805 5483 1080 5590 apographum
1108 5484 1150 5562 in
1179 5484 1356 5562 vaticana
1385 5484 1627 5566 bibliotheca
1655 5486 1920 5583 contulimus,
1948 5511 2168 5592 omnesque
2196 5487 2294 5566 eius

473 5607 682 5688 varietates
710 5607 751 5684 in
780 5606 902 5685 Num.
927 5623 967 5686 et
995 5608 1038 5684 in
1066 5609 1229 5687 Denter.
1254 5605 1583 5717 deprompsimus.
1983 5707 1989 5724 ι

587 5757 648 5810 11.
675 5728 776 5812 Cod.
799 5730 846 5808 L.
868 5732 954 5810 Hac
977 5730 1108 5811 littera
1130 5728 1379 5837 designamus
1397 5733 1586 5815 lectiones
1607 5764 1631 5814 a
1653 5734 1951 5816 lovaniensibus
1973 5734 2014 5813 111
2036 5733 2296 5839 marginibus

474 5850 693 5936 Bibliorum
712 5854 890 5938 laudatas
913 5871 996 5936 tum
1021 5856 1064 5936 in
1085 5855 1268 5964 principe
1290 5855 1464 5938 editione
1487 5857 1654 5938 Lovanii
1677 5859 1864 5966 impressa
1887 5885 1994 5937 annu
2015 5855 2266 5937 MDXLVII.
2279 5921 2293 5958 ,
