4750 6694
471 487 584 561 txxx
1141 485 1385 561 testantes
1411 483 1598 561 stattctts

502 725 507 738 Ι
576 638 615 716 3.
645 637 758 718 Sinti
784 640 838 716 V.
863 637 988 716 editio
1014 637 1215 734 vaticana,
1240 665 1344 746 quae
1368 635 1520 747 prodiit
1547 663 1653 718 anno
1676 631 1866 734 MDXC.;
1892 633 1943 715 de
1966 635 2041 716 hac
2069 653 2129 718 sat
2156 639 2272 719 multa

460 742 510 836 ,in
532 760 822 866 prolegomenis
845 759 1125 866 ungarellianis
1144 759 1345 868 disputata
1363 777 1471 839 sunt.
1495 759 1676 865 Singulas
1694 759 1779 839 eius
1797 759 2003 840 varietates
2019 759 2269 860 exhibemus;

469 882 611 960 multas
638 882 743 960 enim
771 883 1115 989 praetermiserant
1141 884 1198 962 illi
1226 885 1297 991 qui
1325 885 1519 964 hactenus
1545 881 1589 961 id
1615 882 1730 989 pensi
1758 899 2027 987 susceperant.

571 1007 611 1102 [ι.
645 1007 974 1114 Congregationis
994 1007 1252 1115 gregorianae
1275 1007 1547 1085 correctiones.
1575 1004 1828 1108 Ungarellius
1846 1002 2019 1083 dilucide
2037 1002 2201 1110 quidem
2218 1004 2273 1083 hi·

470 1131 631 1208 storiam
660 1132 827 1238 exponit
852 1131 973 1209 huius
1000 1129 1351 1235 Congregationis,
1379 1129 1444 1206 cui
1473 1127 1693 1234 Gregorius
1715 1127 1825 1205 XIV.
1852 1128 2098 1208 commiserat
2125 1143 2171 1206 ut
2198 1126 2273 1207 edi-

465 1252 616 1330 tionem
642 1250 744 1330 Sixti
771 1252 821 1329 V.
851 1252 1030 1332 celeriter
1056 1267 1386 1356 recognosceret;
1416 1267 1459 1329 at
1486 1243 1661 1329 eiusdem
1692 1250 1984 1356 autographum
2013 1276 2098 1330 esse
2124 1249 2273 1330 censuit

467 1375 657 1452 sixtinum
679 1373 900 1454 Bibliorum
919 1375 1120 1482 exemplar
1137 1373 1250 1483 quod
1271 1375 1314 1452 in
1332 1373 1575 1453 bibliotheca
1599 1373 1780 1480 angelica
1804 1371 2055 1453 adserramr:
2081 1399 2157 1453 nos
2182 1401 2273 1453 vero

468 1496 576 1577 istud
601 1515 787 1604 putamus
814 1501 1089 1606 apographum
1115 1525 1197 1577 esse
1227 1495 1343 1602 (vide
1370 1525 1514 1604 supra,
1535 1525 1628 1602 pag.
1651 1496 1817 1600 LXV.)
1845 1497 1982 1575 Exstat
2006 1496 2113 1575 enim
2140 1498 2184 1575 in
2210 1524 2273 1576 va·

468 1620 600 1699 ticana
624 1621 866 1702 bibliotheca
887 1622 1104 1728 repositum
1130 1621 1296 1700 alterum
1318 1619 1518 1726 exemplar
1535 1615 1758 1697 Bibliorum
1775 1617 1960 1698 editionis
1982 1619 2166 1713 sixtinae,
2190 1647 2273 1726 spa·

469 1743 578 1822 tiosis
605 1742 710 1824 foliis
740 1746 1000 1851 impressum,
1030 1744 1155 1824 simile
1182 1743 1238 1822 illi
1266 1741 1379 1850 quod
1413 1743 1514 1820 sistit
1541 1740 1796 1850 Ungarellius
1821 1744 1857 1842 3.
1887 1742 2045 1839 XXII„
2075 1759 2115 1821 at
2146 1742 2272 1822 trihus

468 1864 664 1946 distinctis
690 1868 978 1967 voluminibus,
1002 1866 1120 1946 viridi
1147 1867 1376 1946 membrana
1404 1867 1623 1960 contectis,
1649 1882 1912 1972 compactum.
1942 1865 2001 1942 Ex
2028 1863 2182 1945 adiecta
2210 1893 2272 1945 au·

468 2005 548 2068 tem
578 1991 796 2097 epigraphe
827 1989 1039 2070 edocemur
1070 1988 1121 2069 ad
1153 1987 1273 2069 Card.
1303 1986 1527 2085 Columna,
1558 1990 1631 2094 qui
1663 1989 1919 2094 gregorianae
1950 1987 2273 2095 Congregationis

470 2115 693 2220 praefectus
724 2113 818 2207 fuit,
841 2113 1098 2219 pertinuisse:
1119 2140 1168 2191 ex
1192 2139 1276 2219 quo
1298 2115 1410 2192 hunc
1434 2140 1510 2193 nos
1533 2110 1710 2192 codicem
1736 2113 2036 2192 columnensem
2063 2140 2271 2209 vocamus,

471 2235 734 2343 eumdemque
761 2239 1053 2344 autographum
1076 2264 1160 2316 esse
1182 2237 1439 2344 gregorianae
1462 2236 1789 2343 Congregationis
1815 2252 2077 2316 autumamus.
2104 2235 2209 2314 Nam
2234 2238 2274 2316 in

472 2360 610 2466 amplis
636 2359 881 2465 marginibus
909 2388 1029 2439 manu
1056 2359 1276 2467 descriptae
1303 2360 1610 2466 conspiciuntur
1632 2359 1899 2439 correctiones
1923 2386 2023 2466 quas
2044 2359 2212 2439 Toletus
2237 2375 2274 2439 et

471 2485 602 2562 Rocca
629 2482 861 2562 adscribunt
890 2483 1198 2591 Congregationi
1218 2485 1449 2591 posteriori,
1480 2511 1624 2590 nempe
1652 2484 1922 2589 gregorianae.
1950 2483 2015 2563 Ad
2042 2482 2151 2562 hunc
2180 2509 2274 2562 vero

472 2603 649 2686 codicem
674 2608 852 2714 profecto
872 2609 1044 2714 respexit
1061 2609 1226 2715 ipsemet
1251 2607 1427 2713 Angelus
1449 2609 1580 2687 Rocca
1600 2605 1697 2684 dum
1716 2608 1758 2684 in
1777 2632 1850 2685 suo
1874 2607 2108 2714 apographo
2127 2605 2181 2686 ad
2201 2605 2274 2686 cal-

473 2757 560 2810 cem
586 2729 678 2809 libri
707 2729 871 2810 secundi
898 2731 1066 2839 Paralip.
1095 2729 1322 2812 adnotavit:
1346 2734 1445 2811 «De
1471 2732 1652 2810 oratione
1678 2731 1882 2812 Manassae
1908 2731 2011 2834 regis
2038 2728 2158 2824 luda,
2187 2728 2276 2808 vide

476 2852 704 2933 »volumen
732 2853 831 2931 lllni
859 2854 977 2934 Card.
1004 2855 1246 2951 Columnae,
1273 2855 1369 2962 quia
1395 2853 1630 2962 reponenda
1656 2868 1715 2932 est
1742 2854 1785 2933 in
1812 2853 1892 2933 line
1918 2852 2155 2932 Bibliorum.
2179 2883 2200 2926 n
2221 2852 2276 2930 Re

473 2975 638 3084 quidem
663 3005 755 3057 vera
778 2979 820 3057 in
843 2993 980 3057 nostro
1008 2977 1145 3058 codice
1167 2980 1413 3058 columnensi
1437 2978 1511 3057 sub
1535 2977 1614 3056 fine
1641 2976 1809 3083 Paralip.
1831 2975 2065 3058 adnotatum
2087 2976 2274 3082 legimns:

476 3099 596 3178 «Hic
623 3099 804 3205 sequitur
830 3100 958 3178 oratio
986 3099 1186 3180 Manassae
1213 3103 1317 3208 regis
1342 3100 1441 3180 Iuda
1468 3129 1558 3180 cum
1585 3117 1725 3206 captus
1751 3116 1956 3180 teneretur
1982 3100 2025 3180 in
2048 3099 2275 3204 Babylone3

477 3255 497 3296 a
518 3239 558 3300 et
575 3223 848 3329 reponendam
866 3224 1020 3303 censuit
1033 3226 1297 3330 Congregatio
1315 3226 1357 3303 in
1376 3225 1495 3304 linem
1515 3224 1638 3304 totius
1656 3223 1830 3331 operis.»
1843 3223 1970 3329 Igitur
1983 3225 2275 3332 apographum,

474 3344 517 3424 in
543 3372 658 3426 usum
685 3346 1025 3454 typographorum
1049 3375 1125 3453 pro
1150 3347 1385 3427 clementina
1407 3346 1581 3427 editione
1603 3345 1782 3453 paranda
1804 3347 1855 3426 ab
1878 3349 2030 3454 Angelo
2053 3349 2188 3428 Rocca
2212 3347 2280 3428 de·

475 3470 689 3575 scriptum,
710 3496 761 3548 ex
786 3471 1034 3548 columnensi
1051 3469 1189 3550 codice
1208 3471 1395 3549 manavit.
1422 3470 1554 3550 Huius
1572 3487 1703 3551 autem
1721 3471 1813 3551 facti
1835 3471 1977 3552 notitia
1993 3470 2103 3551 haud
2126 3473 2281 3552 minimi

476 3593 665 3670 momenti
685 3619 767 3672 esse
784 3590 954 3671 videtur.
976 3592 1077 3671 Nam
1095 3590 1292 3701 quaedam
1311 3608 1405 3672 sunt
1422 3595 1646 3701 praeclarae
1665 3593 1959 3678 emendationes
1976 3621 1999 3674 a
2017 3595 2278 3701 gregorianis,

475 3731 573 3796 teste
601 3715 738 3795 codice
765 3715 1031 3814 columnensi,
1052 3717 1252 3817 invectae,
1273 3745 1377 3824 quae
1399 3719 1443 3796 in
1465 3719 1700 3798 clementina
1726 3716 1902 3798 editione
1929 3715 2211 3799 desiderantur
2233 3746 2282 3798 eo

476 3838 588 3946 quod
611 3840 787 3945 Angelus
812 3841 945 3919 Rocca
964 3838 1122 3920 easdem
1143 3842 1299 3922 incaute
1322 3839 1513 3922 adnotare
1533 3842 1575 3921 in
1597 3870 1671 3921 suo
1696 3843 1929 3950 apographo
1955 3842 2277 3951 praetermiserit.

476 3963 683 4042 Praeterea
701 3991 751 4042 cx
769 3963 1013 4043 columnensi
1036 3963 1191 4060 codice,
1213 3966 1255 4043 ni
1278 3964 1470 4062 fallimur,
1491 3983 1658 4074 apparet
1677 3966 1798 4062 ratio,
1819 3991 1902 4070 qua
1924 3965 2149 4072 gregoriani
2172 3981 2284 4046 tanta

476 4087 675 4167 celeritate
702 4114 812 4166 suam
840 4086 1155 4168 emendationem
1181 4087 1388 4168 absolvere
1414 4089 1641 4194 potuerint,
1663 4089 1722 4167 uti
1748 4085 2000 4193 Ungarellius
2025 4089 2063 4189 g.
2084 4088 2199 4166 XIX.
2222 4116 2282 4168 as·

475 4212 613 4290 seruit.
641 4213 752 4291 Patet
777 4212 883 4291 enim
910 4211 972 4290 vel
996 4212 1048 4291 ab
1070 4212 1157 4319 ipso
1179 4211 1401 4305 Praefecto,
1423 4211 1485 4291 vel
1509 4211 1562 4292 ab
1588 4212 1711 4292 altero
1739 4238 1791 4292 ex
1817 4210 2113 4292 consultoribus
2132 4211 2181 4290 in
2207 4213 2283 4290 hoc

476 4334 632 4430 codice,
652 4352 866 4441 antequam
893 4335 1200 4442 Congregationi
1228 4335 1510 4430 subiiceretur,
1531 4337 1676 4442 partim
1701 4335 1968 4416 correctiones
1991 4335 2112 4441 magis
2139 4334 2283 4414 obvias

476 4475 653 4565 paratas,
676 4461 819 4567 partim
840 4457 962 4538 dubia
983 4486 1089 4566 qnae
1111 4460 1374 4539 occurrebant
1393 4457 1582 4539 adnotata
1604 4459 1745 4557 fuisse3
1766 4461 1821 4540 ita
1842 4475 1887 4538 ut
1908 4459 1994 4566 ipsa
2016 4459 2285 4563 Congregatio

475 4585 613 4689 paucis
638 4582 779 4664 diebus
801 4610 955 4662 omnem
979 4581 1156 4663 codicem
1180 4583 1293 4663 facile
1317 4609 1596 4689 recognoscere
1619 4600 1739 4689 atque
1762 4581 1934 4689 probare
1957 4582 2147 4688 potuerit.
2176 4583 2286 4660 Hinc

476 4707 692 4787 nonnullae
720 4707 985 4786 correctiones
1011 4735 1115 4815 quae
1142 4709 1273 4816 primo
1300 4707 1522 4815 adscriptae
1548 4707 1730 4803 fuerant,
1757 4704 1850 4786 dein
1878 4732 1927 4786 ex
1953 4705 2287 4810 Congregationis

476 4831 672 4910 sententia
700 4831 864 4910 reiectae
890 4827 1103 4929 videntur;
1133 4831 1231 4911 aliae
1258 4858 1354 4912 vero
1382 4859 1486 4939 qnae
1513 4833 1571 4909 uti
1599 4830 1746 4911 dubiae
1777 4831 1890 4938 prius
1917 4827 2283 4937 proponebantur,

476 4981 570 5032 mox
589 4952 776 5032 definitae
794 4954 1107 5060 conspiciuntur.
1130 4956 1269 5034 Paucis
1286 4955 1474 5062 exemplis
1494 4983 1575 5034 rem
1597 4955 1790 5034 illustrare
1809 4969 1999 5061 praestat:
2020 4953 2151 5058 chg.
2170 4957 2220 5049 V,
2244 4953 2282 5031 6.

475 5077 597 5156 verba
616 5079 671 5156 Et
694 5077 940 5156 ebullierunt
964 5077 1083 5156 villae
1105 5094 1142 5156 et
1165 5079 1255 5186 agri
1276 5095 1349 5158 eto.
1373 5080 1500 5186 prima
1521 5107 1640 5158 manu
1666 5094 1866 5185 expuncta
1890 5075 2069 5171 fuerant,
2091 5091 2221 5181 atque
2244 5076 2286 5154 in

476 5201 652 5307 margine
673 5199 933 5307 adscriptum:
959 5200 1203 5281 «Reddatur
1225 5202 1325 5282 ratio
1351 5202 1460 5282 istius
1484 5201 1715 5281 mutationis
1740 5199 1933 5279 universis
1956 5196 2193 5305 patribus.»
2217 5198 2288 5276 Al·

475 5340 560 5403 tera
587 5351 726 5402 manus
753 5321 901 5402 ibidem
928 5322 1151 5404 adnotavit:
1177 5325 1490 5404 «Restituantur
1517 5324 1639 5404 verba
1667 5323 1809 5403 deleta.
1830 5352 1849 5396 a
1871 5320 1889 5399 I
1915 5319 2043 5400 Paral.
2069 5321 2106 5414 1,
2133 5320 2203 5400 32.
2234 5322 2286 5401 ad

475 5447 598 5528 verba
622 5446 727 5524 Filii
753 5462 889 5524 antem
909 5447 1089 5526 Dedan:
1112 5448 1324 5542 Assnrirn,
1350 5463 1425 5526 eto.
1449 5447 1577 5553 prima
1600 5474 1740 5530 manus
1768 5445 1948 5553 scripsit:
1974 5442 2211 5524 «Videatur
2233 5473 2287 5526 an

479 5603 499 5647 n
521 5573 599 5650 sint
618 5568 807 5650 tollenda.
830 5604 849 5644 n
869 5569 1005 5650 Altera
1024 5597 1163 5651 manus
1184 5572 1286 5649 hanc
1305 5587 1439 5651 notam
1459 5569 1624 5669 delevit,
1645 5572 1740 5678 qnia
1759 5566 2022 5677 Congregatio
2041 5565 2200 5646 censuit
2219 5569 2287 5647 illa

476 5724 560 5777 non
586 5721 670 5774 esse
696 5693 885 5774 tollenda.
912 5693 975 5774 Ad
997 5697 1099 5773 Dan.
1122 5694 1237 5791 Xlll,
1259 5696 1325 5775 65.
1347 5695 1477 5801 primo
1501 5696 1694 5800 scriptum
1715 5694 1880 5798 legitur:
1906 5690 2152 5772 «Referatur
2173 5692 2287 5772 Con-

482 5819 740 5928 »gregationi
763 5817 877 5927 quod
896 5846 1066 5928 sequens
1088 5835 1207 5928 caput
1229 5819 1369 5925 incipit
1392 5819 1443 5900 ab
1467 5819 1543 5898 illis
1561 5817 1710 5912 verbis,
1734 5832 1779 5896 ut
1797 5815 1927 5923 graeci
1945 5815 2113 5911 habent,
2134 5816 2192 5895 Et
2216 5843 2288 5898 rer
