4750 6694
464 493 610 570 LXXXII
1138 491 1382 569 aurantius
1401 492 1596 577 ,staticus

463 647 609 742 detur,
639 662 938 726 contemnamus
968 659 1037 724 aut
1067 640 1381 744 dissimulemus:
1412 646 1532 724 irumo
1561 645 1648 752 pari
1676 643 1810 726 studio
1840 659 1958 726 testes
1987 671 2063 752 pro
2094 662 2267 756 utraque

463 789 578 879 parte
603 770 834 852 excitamus.
859 768 1049 867 Quamvis
1076 769 1182 849 enim
1209 769 1464 853 clementinas
1489 768 1680 850 lectiones
1703 795 1921 876 numquam
1943 767 2097 878 absque
2121 769 2267 858 idonea

463 924 599 977 caussa
627 893 808 980 inductas
835 893 956 980 tuisse
982 910 1165 978 tueamur
1192 891 1327 998 (unde
1353 892 1512 974 illorum
1538 892 1774 986 calumniam
1801 891 2075 990 rcttrudiutus,
2101 894 2176 1002 qui
2202 921 2266 974 ro-

462 1048 601 1100 manos
626 1045 811 1098 censores
829 1017 1138 1120 criminantur),
1165 1045 1249 1098 nou
1272 1034 1405 1097 tamen
1427 1015 1583 1098 easdem
1599 1018 1641 1098 in
1661 1045 1702 1106 se
1719 1018 1890 1126 optimas
1907 1045 2063 1126 semper
2085 1045 2171 1099 esse
2189 1020 2266 1100 exi-

463 1147 677 1226 stimamus.
704 1139 807 1221 Vide
834 1167 938 1248 quae
965 1140 1242 1222 adnotavimus
1268 1141 1321 1222 ad
1348 1143 1454 1224 Gen.
1476 1147 1545 1240 III,
1573 1146 1634 1223 15.
1655 1146 1757 1237 VIII,
1779 1170 1818 1248 7.
1840 1143 1958 1240 XXI,
1979 1174 2019 1251 9.
2039 1143 2179 1238 XXX,
2199 1144 2264 1238 do.

463 1269 538 1348 Ex.
560 1265 734 1359 XXXII,
758 1265 823 1344 aa.
849 1264 1030 1344 Alterum
1047 1292 1143 1344 vero
1161 1263 1273 1371 quod
1295 1266 1578 1373 proposuimus
1595 1263 1648 1345 de
1672 1264 1823 1348 mendis
1845 1266 2104 1348 clementinae
2126 1265 2268 1346 editio·

464 1392 545 1488 nis,
567 1393 645 1470 iam
665 1387 944 1496 explicandum
965 1404 1038 1468 est.
1062 1394 1106 1467 In
1130 1387 1268 1496 primis
1291 1388 1511 1468 meminisse
1531 1403 1691 1494 oportet
1710 1389 1838 1472 nostri
1857 1390 2027 1476 instituti
2046 1411 2131 1470 csse
2149 1390 2268 1469 libra·

463 1518 635 1609 riorum,
657 1541 740 1592 non
761 1528 889 1592 autem
914 1511 1161 1618 interpretis,
1183 1510 1215 1591 si
1241 1511 1444 1617 quisunt,
1466 1537 1621 1590 errores
1643 1511 1852 1594 emendare
1870 1513 1942 1619 (1).
1966 1511 2166 1618 Equidem
2187 1539 2267 1598 sae·

464 1641 555 1748 pius
574 1665 649 1746 pro
668 1665 710 1716 re
729 1653 821 1716 nata
838 1637 968 1742 ipsum
987 1636 1244 1742 interpretem
1266 1634 1370 1714 ultro
1388 1633 1639 1714 vindicamus
1656 1633 1753 1714 dum
1772 1652 1841 1716 aut
1857 1663 1907 1716 ex
1925 1635 2061 1744 aliqua
2079 1634 2266 1716 mendosa

464 1765 631 1845 lectione
653 1791 675 1840 1
696 1761 864 1841 librariis
887 1762 1034 1867 ingesta
1057 1759 1155 1840 falso
1173 1756 1429 1838 insimulandi
1447 1758 1681 1864 Hieronymi
1699 1786 1836 1840 ansam
1854 1759 2071 1840 nonnullos
2093 1777 2269 1868 captasse

463 1886 641 1966 videmus
665 1884 946 1992 (conferantur
972 1900 1090 1964 notae
1108 1881 1161 1964 ad
1179 1882 1298 1962 Num.
1321 1886 1423 1976 VIII,
1445 1910 1483 1962 a.
1506 1898 1547 1962 et
1569 1883 1668 1980 XX,
1689 1883 1775 1988 6.);
1801 1900 1872 1963 aut
1891 1883 2148 1964 librariorum
2173 1885 2268 1966 vitio

463 2038 672 2118 perperam
704 2007 954 2114 adscripsisse
981 2005 1094 2116 quod
1125 2006 1176 2090 ab
1207 2006 1296 2113 ipso
1328 2007 1504 2086 Doctorc
1534 2005 1705 2086 Maximo
1737 2007 1951 2088 rectissime
1982 2009 2159 2115 positum
2193 2008 2268 2088 fuit

464 2142 478 2242 (
491 2134 597 2216 conf.
619 2132 671 2212 ad
694 2131 814 2212 Num.
836 2130 986 2227 XXIV,
1016 2132 1055 2209 3.
1077 2132 1196 2210 Dent.
1217 2131 1293 2225 XI,
1322 2131 1429 2234 do).
1451 2129 1600 2211 Verum
1628 2129 1736 2214 istud
1762 2131 1878 2239 quasi
1905 2131 2071 2238 oblique
2096 2132 2268 2238 aggressi

461 2286 619 2355 sumus;
646 2283 738 2336 nam
763 2257 931 2334 maxime
952 2253 1231 2334 contendimus
1251 2281 1475 2359 germanam
1498 2255 1871 2362 ipsaminterpretis
1892 2255 2124 2350 lectionem,
2145 2281 2268 2364 quae-

461 2408 632 2488 cumque
650 2407 696 2461 ea
715 2378 873 2459 demum
896 2381 965 2475 sit,
988 2378 1115 2458 sicubi
1138 2394 1328 2485 corrupta
1350 2378 1426 2456 i'uit
1448 2381 1670 2458 instaurare
1692 2393 1814 2486 atque
1835 2379 2055 2460 restituere.
2081 2379 2268 2487 Quapro-

460 2525 551 2614 pter
577 2533 661 2584 non
689 2503 783 2584 alias
811 2502 930 2582 huius
956 2503 1215 2583 clementinae
1242 2499 1428 2584 editionis
1458 2500 1621 2582 mendas
1648 2502 1847 2606 corrigere
1876 2500 2082 2582 studemus
2109 2519 2269 2610 praeter

460 2657 546 2728 eas,
567 2658 669 2738 quas
695 2628 947 2709 librariorum
973 2643 1042 2706 aut
1065 2643 1243 2706 veterum
1270 2643 1538 2708 correctorum
1562 2625 1765 2720 socordia,
1785 2626 1846 2706 vel
1870 2625 2046 2723 1111111111,
2067 2626 2130 2705 rel
2158 2627 2267 2708 inso-

460 2755 582 2834 lentia
604 2752 776 2860 peperit.
802 2751 884 2828 Has
902 2777 997 2830 vero
1016 2748 1179 2829 mendas
1196 2747 1376 2829 bifariam
1395 2747 1670 2856 dispartimur;
1690 2749 1790 2830 aliae
1812 2776 1986 2856 namque
2007 2750 2059 2830 ab
2082 2748 2183 2857 ipsis
2205 2777 2268 2830 ro·

459 2877 586 2958 manis
606 2874 900 2956 correctoribus
922 2874 984 2954 111
1006 2873 1190 2954 consulto
1213 2871 1516 2979 prudenterque
1539 2873 1677 2980 (conf.
1698 2871 1748 2954 ad
1766 2875 1866 2954 Gen.
1886 2874 1964 2968 XI,
1992 2872 2052 2953 13.
2073 2889 2114 2952 11
2132 2871 2264 2954 Exod.

458 3001 689 3096 XXXVIII,
712 3002 823 3108 29.),
844 2999 905 3078 vel
933 2999 1069 3106 aliquo
1097 3025 1191 3078 casu
1213 2997 1414 3102 neglectae
1436 3013 1532 3076 sunt
1557 2994 1637 3102 (11.
1658 2994 1710 3076 ad
1733 2996 1838 3076 Gen.
1860 2995 1971 3092 XIV,
1999 2997 2060 3090 ra.
2083 2997 2205 3095 XIX,
2231 3025 2264 3078 1.

458 3124 608 3218 XLVI,
632 3125 697 3204 28.
719 3121 847 3202 Exod.
868 3124 929 3216 X,
956 3125 1017 3202 18.
1041 3149 1105 3228 29.
1128 3123 1253 3202 Levit.
1274 3119 1406 3216 XXV,
1429 3148 1467 3200 2.
1488 3119 1645 3216 XXVI,
1668 3148 1733 3200 21.
1755 3120 1876 3200 Num.
1898 3122 1984 3214 VII,
2011 3119 2077 3202 62.
2092 3121 2130 3224 l:
2158 3147 2266 3228 quae

460 3248 623 3358 quidem
650 3246 741 3326 licet
768 3274 843 3353 pro
870 3271 914 3324 re
940 3244 1077 3324 critica
1102 3246 1269 3324 alicuius
1297 3245 1485 3324 momenti
1512 3245 1758 3338 habeantur,
1778 3259 1912 3324 tamen
1939 3240 2078 3349 quoad
2102 3241 2266 3350 dogma-

459 3393 543 3454 tum
570 3371 791 3452 doctrinam
817 3369 935 3475 plane
957 3367 1112 3446 nullum
1138 3367 1325 3449 adferunt
1343 3367 1657 3450 incommodum.
1685 3368 1817 3449 Huius
1838 3383 1968 3448 autem
1991 3367 2147 3474 generis
2173 3367 2267 3448 vitia

459 3513 574 3578 caute
601 3511 740 3574 notare
766 3490 949 3598 expedit,
971 3492 1071 3596 quin
1094 3509 1224 3574 tamen
1250 3493 1308 3574 ias
1330 3521 1521 3601 umquam
1543 3494 1595 3574 sit
1617 3508 1821 3600 receptum
1843 3508 1995 3572 textum
2017 3491 2176 3598 privata
2200 3519 2269 3571 au·

459 3619 640 3704 ctoritate
658 3618 886 3698 reformare.
907 3615 1093 3696 Vallarsio
1111 3617 1216 3697 enim
1234 3617 1503 3698 lubentissime
1520 3616 1829 3712 subscribimus,
1848 3617 1921 3723 qui
1944 3616 1986 3695 in
2004 3615 2270 3723 praefatione

459 3742 510 3824 ad
537 3760 688 3822 tomum
714 3742 783 3818 IX.
806 3767 973 3846 operum
1001 3765 1034 3818 s.
1056 3738 1291 3848 Hieronymi
1318 3742 1416 3822 haec
1444 3740 1585 3822 habet:
1610 3773 1630 3814 r
1647 3739 1847 3822 Summam
1871 3741 2052 3848 vulgatae
2078 3738 2271 3821 editionis

462 3903 481 3942 1
502 3866 678 3962 laudem,
699 3865 796 3946 dum
818 3867 980 3974 spiritus
1000 3865 1074 3946 hos
1097 3883 1207 3972 reget
1228 3883 1357 3964 artus,
1378 3864 1602 3962 tuebimur,
1623 3882 1669 3944 ut
1689 3863 1742 3947 ad
1755 3863 1858 3944 :fidei
1876 3892 1923 3944 ac
1940 3891 2097 3944 morum
2114 3862 2269 3946 doctri·

463 4027 481 4068 1
504 4021 594 4072 nam
610 3989 869 4094 imbuendam
888 3987 1224 4098 tradendamquc,
1246 3990 1344 4070 nihil
1365 4019 1447 4071 non
1466 4016 1585 4098 grave
1602 4007 1643 4070 et
1659 3989 2037 4097 praestantissimum
2055 3989 2098 4068 in
2118 4015 2164 4068 11
2185 4015 2269 4070 csse

461 4152 480 4192 a
502 4115 785 4225 profiteamur,
811 4131 852 4196 11
878 4141 998 4221 quam
1026 4111 1126 4194 adeo
1154 4114 1196 4192 111
1224 4113 1332 4192 hisce
1359 4112 1479 4194 rebus
1504 4113 1780 4194 auctoritatem
1807 4111 2006 4206 obtinuit,
2036 4127 2182 4192 sartam
2212 4128 2268 4193 tc·

462 4274 481 4316 »
503 4257 687 4348 clamque
705 4254 963 4346 praestemus.
989 4238 1255 4318 Nihilosecius
1275 4237 1307 4317 si
1328 4265 1432 4343 quae
1454 4254 1634 4318 veterum
1656 4236 1911 4317 librariorum
1932 4252 2001 4316 aut
2022 4236 2176 4316 incuria
2202 4253 2270 4316 aut

461 4392 687 4474 »perversa
715 4391 809 4444 cura
837 4363 1085 4470 irrepserunt
1106 4363 1149 4440 in
1173 4389 1259 4442 earn
1287 4359 1450 4456 menda,
1472 4377 1512 4440 11
1539 4359 1720 4468 partibus
1742 4357 1919 4440 insident
1946 4359 2106 4438 minime
2130 4383 2269 4440 ncces·

461 4490 614 4572 »sariis
640 4485 692 4570 ad
720 4486 811 4568 iidei
838 4513 1077 4594 morumque
1103 4487 1209 4592 leges
1235 4482 1552 4593 componendas,
1577 4485 1698 4564 homo
1725 4483 1791 4563 cui
1816 4479 1930 4562 cordi
1958 4498 2018 4562 est
2043 4509 2179 4561 rerum
2208 4510 2268 4564 sa·

461 4642 657 4696 serarum
686 4611 879 4720 dignitas,
905 4639 951 4694 ca
978 4639 1060 4719 qua
1086 4637 1161 4718 par
1187 4627 1247 4692 est
1272 4609 1555 4719 probabilitate
1577 4636 1622 4690 ac
1646 4606 1839 4714 religione
1857 4633 1959 4686 usus
1985 4607 2166 4714 castiget3
2195 4609 2272 4686 mi-

461 4771 482 4814 »
503 4737 609 4818 nime
635 4737 814 4816 omniurn
834 4736 869 4816 11
889 4736 1063 4816 arbitror
1086 4731 1419 4828 succensendum,
1445 4733 1565 4812 immo
1584 4758 1679 4812 vero
1697 4731 1800 4812 bene
1818 4730 1929 4810 illum
1945 4731 2108 4838 ingenio
2125 4758 2201 4810 suo
2221 4761 2268 4812 ac

460 4896 480 4937 1
502 4861 704 4969 diligentia
723 4858 774 4942 111
791 4861 911 4940 sacris
929 4859 1052 4940 literis
1070 4859 1274 4940 meruisse.
1299 4856 1345 4937 Id
1367 4855 1462 4940 olirn
1483 4856 1558 4936 viri
1581 4855 1863 4964 praestiterunt
1883 4880 2035 4934 summe
2056 4854 2264 4951 catholici,

460 4987 725 5094 »summique
747 4983 882 5065 itidem
902 4983 1095 5090 Vulgatae
1117 4983 1300 5090 patroni,
1323 5009 1345 5061 e
1371 4980 1539 5088 quibus,
1560 4997 1607 5061 ut
1632 4979 1789 5058 interim
1815 4978 2033 5058 chricum
2059 4976 2267 5058 Bukento·

462 5111 612 5218 »pium
641 5127 913 5217 praeteream,
944 5135 1163 5215 numquam
1195 5135 1279 5188 nou
1308 5105 1466 5186 laudem
1498 5103 1719 5214 promeruit
1749 5097 2001 5183 doctissimus
2031 5101 2268 5184 Franciscus

562 5361 602 5426 (t)
618 5359 676 5416 Nos
691 5373 804 5434 qaoque
819 5372 884 5416 cum
899 5357 975 5414 Luca
993 5354 1130 5428 brugensi
1143 5354 1191 5422 (in
1206 5351 1323 5426 epistola
1397 5374 1410 5403 ι
1430 5351 1547 5411 11111111
1557 5351 1618 5410 sint
1629 5351 1732 5412 1111111
1745 5357 1784 5420 (a
1797 5353 1929 5410 romaeis
1939 5350 2125 5422 1111111111)
2134 5350 2267 5408 huiusce-

455 5446 491 5505 ad
511 5445 643 5504 Iacobum
665 5445 830 5514 Biasaeum,
850 5461 934 5517 quam
955 5445 1099 5518 praemisit
1119 5441 1215 5499 libella
1234 5441 1324 5498 alteri
1397 5463 1411 5492 ι
1432 5439 1604 5512 modiloca,
1624 5441 1744 5514 quaein
1764 5438 2076 5498 meliusIortamutari
2096 5446 2265 5512 potuerant,

455 5537 608 5593 curiarum
629 5533 727 5601 lectt.)
742 5531 931 5590 declaramus:
948 5531 1028 5588 «1111
1050 5529 1194 5589 laboratur
1213 5545 1271 5587 non
1292 5531 1325 5586 in
1396 5555 1412 5583 ν
1431 5527 2266 5604 1111111111111,1111111111111111,11111111111,111111-

457 5622 655 5697 scurrigendo
678 5623 849 5695 interprete,
877 5619 928 5678 sed
954 5619 985 5679 in
1011 5620 1136 5678 semiana
1163 5618 1324 5692 interpretis
1397 5643 1410 5672 ι
1432 5628 1479 5695 pto
1496 5619 1658 5690 tradidisse,
1671 5635 1708 5678 na
1726 5620 1861 5678 memoria
1877 5617 2032 5692 notitiaque
2049 5616 2195 5676 doctorum
2214 5616 2269 5674 ho·

456 5734 471 5762 ι
490 5711 665 5772 emendanda
684 5728 716 5770 11
734 5710 859 5770 eiusdem
877 5711 1012 5768 versionIs
1028 5707 1250 5782 exemplaribus,
1270 5707 1323 5766 hoc
1397 5735 1409 5760 s
1430 5711 1556 5779 minam,
1567 5710 1617 5783 qui
1633 5724 1729 5768 sacrae
1743 5709 1903 5782 Scripturas
1917 5705 2084 5766 evolvendae
2097 5703 2268 5779 diligentius

459 5827 470 5850 s
491 5806 578 5860 estin
598 5803 771 5861 notariorum
791 5801 890 5858 erratis
908 5797 1077 5856 auferendis.
1098 5800 1160 5871 Qua
1180 5813 1210 5855 re
1228 5797 1324 5856 11111111
1396 5826 1409 5853 ι
1429 5797 1986 5871 1111111111,11111111111.’6111111111
2000 5793 2154 5871 praefatio
2167 5793 2209 5852 ud
2225 5793 2264 5850 le·

459 5917 470 5940 ι
492 5891 573 5952 laclia
590 5893 654 5967 quis
669 5901 762 5968 potest
778 5890 896 5953 ollandi.
915 5891 978 5949 Stra
996 5897 1091 5948 autem
1107 5888 1251 5959 consulto,
1267 5889 1324 5947 1111
1395 5893 1506 5948 ctorem
1524 5890 1556 5946 in
1576 5886 1745 5948 clementina
1765 5885 1898 5946 1111111111.
